Category,Retailer,Product Name,Product ID,Date,Clicks,Sales,Indirect Sales,Device Type Group
Sports & Outdoors,Amazon,Zepp Golf 2 3D Swing Analyzer,B01CL9802W,6/13/16 0:00,n/a,1,di,DESKTOP
Pet Supplies,Amazon,Petzi Treat Cam: Wi-Fi Pet Camera & Treat Dispenser,B008U73C46,6/20/16 9:50,n/a,1,di,DESKTOP
Health & Personal Care,Amazon,"Ezy Dose 7-Day Classic Pill Reminder - Small 4.5"" x 0.75"" x 0.5"" Colors Vary",B007RZWGUI,6/21/16 20:15,n/a,1,ndi,DESKTOP
Kitchen & Housewares,Amazon,Tovolo Silcone Mixing Spoon - Candy Apple,B000X7FOI8,6/21/16 20:15,n/a,1,ndi,DESKTOP
Health & Personal Care,Amazon,Burt's Bees Mama Bee Belly Butter 6.5 Ounce Tub,B00DM14TYC,7/26/16 12:22,n/a,1,ndi,DESKTOP
Books,Amazon,Rick Steves Snapshot Sevilla Granada & Southern Spain,1631212133,7/26/16 12:22,n/a,1,di,DESKTOP
Books,Amazon,Rand McNally 2017 Large Scale Road Atlas (Rand Mcnally Large Scale Road Atlas USA),528015516,8/11/16 6:37,n/a,1,ndi,DESKTOP
Kitchen & Housewares,Amazon,Chef'n GarlicZoom Garlic Chopper (X-Large),B00MMQ922W,8/11/16 6:37,n/a,1,ndi,DESKTOP
Kindle eBooks,Amazon,Bringing Up B√©b√©: One American Mother Discovers the Wisdom of French Parenting (now with B√©b√© Day by Day: 100 Keys to French Parenting),B00MNNAODK,8/29/16 15:19,n/a,1,di,DESKTOP
Kindle eBooks,Amazon,What to Expect the First Year: Second Edition,B00KVRDACW,8/29/16 15:29,n/a,1,di,DESKTOP
Books,Amazon,Bringing Up B√©b√©: One American Mother Discovers the Wisdom of French Parenting,1594203334,8/30/16 7:30,n/a,1,di,DESKTOP
Toys & Games,Amazon,Monikers,B00M07OQ1U,9/30/16 18:41,n/a,1,di,DESKTOP
Health & Personal Care,Amazon,Fitbit Zip Wireless Activity Tracker Charcoal,B0095PZHZE,10/4/16 6:57,n/a,1,di,PHONE
Appliances,Amazon,Koldfront 18 Bottle Free Standing Dual Zone Wine Cooler - Black and Stainless Steel,B00AE6Q9SC,11/18/16 16:44,n/a,1,ndi,DESKTOP
Health & Personal Care,Amazon,Mrs. Meyer's Dish Soap Lavender 16 Fluid Ounce (Pack of 3),B00J8BHIRA,11/18/16 16:44,n/a,1,ndi,DESKTOP
Health & Personal Care,Amazon,Mrs. Meyer's Clean Day Multi-Surface Everyday Cleaner Lavender 16 Fluid Ounce (Pack of 3),B00ICIYVT8,11/18/16 16:44,n/a,1,ndi,DESKTOP
Books,Amazon,Brain Quest for Threes revised 4th edition: 300 Questions and Answers to Get a Smart Start,761166637,11/22/16 17:40,n/a,1,ndi,DESKTOP
Toys & Games,Amazon,Great Explorations Colorful Stars Super Kit,B0085092R4,11/22/16 17:40,n/a,1,ndi,DESKTOP
Books,Amazon,Good Night Stories for Rebel Girls,997895810,11/22/16 17:40,n/a,1,di,DESKTOP
Toys & Games,Amazon,Family Doctor Medical Box Kit Playset for Kids - Pretend Play Tools Toy Set,B012W8HWIA,11/22/16 17:40,n/a,1,di,DESKTOP
Baby,Amazon,Boon Pipes Water Pipes Bath Toy,B00R0V7PUU,11/22/16 17:40,n/a,1,di,DESKTOP
Toys & Games,Amazon,ALEX Toys Rub a Dub Paint in the Tub Finger Painting Kit,B00000IRYM,11/22/16 17:40,n/a,2,ndi,DESKTOP
Health & Personal Care,Amazon,Enfamil Tri-Vi-Sol Vitamins A C & D Supplement Drops for Infants 50 mL,B00I16JAEM,11/22/16 17:40,n/a,1,ndi,DESKTOP
Baby,Amazon,Mr. Bubble Foam Soap 2-Pack,B00NQ944NQ,11/22/16 17:40,n/a,2,ndi,DESKTOP
Kitchen & Housewares,Amazon,uKeg 64 Pressurized Growler for Craft Beer - Copper,B00YRA5BB2,11/29/16 9:52,n/a,1,di,PHONE
Toys & Games,Amazon,Uncle Goose Bug Blocks - Made in USA,B01CRLHYNU,11/29/16 10:31,n/a,1,di,PHONE
Outdoors,Amazon,Yaktrax Walk Traction Cleats for Walking on Snow and Ice Medium,B0094GO9DA,12/2/16 6:42,n/a,1,ndi,DESKTOP
Outdoors,Amazon,Yaktrax Walk Traction Cleats for Walking on Snow and Ice Small,B001CZJIPA,12/2/16 6:42,n/a,1,ndi,DESKTOP
Outdoors,Amazon,Smartwool Women's Margarita Socks (Capri/Blue Stripe) Medium,B0118OE47G,12/2/16 6:42,n/a,1,di,DESKTOP
Baby,Amazon,Munchkin Formula Dispenser Combo Pack Blue - 2 Sets,B01BEYTIQC,12/6/16 19:54,n/a,1,ndi,DESKTOP
Books,Amazon,Dogs and Their People: Photos and Stories of Life with a Four-Legged Love,399574263,12/6/16 19:54,n/a,1,ndi,DESKTOP
Books,Amazon,The Wonderful Things You Will Be,385376715,12/6/16 19:54,n/a,1,di,DESKTOP
Baby,Amazon,Skip Hop Baby Bandana Buddies Multi-Sensory Soft Plush Toy Monkey,B00LZKC2B4,12/6/16 19:54,n/a,1,ndi,DESKTOP
Electronics,Amazon,C&E 6 feet Outlet Saver Power Extension Cord NEMA 5-15R TO NEMA 5-15P,B00C0R3URQ,12/7/16 12:36,n/a,1,ndi,DESKTOP
Beauty,Amazon,Bobby Pin and Hair Clip Magnetic Holder: HairpinPal (Raspberry Mauve),B00XZCTIBC,12/7/16 19:26,n/a,1,ndi,PHONE
Beauty,Amazon,Soft 'N Style Hair Pins Bronze,B000NISHKY,12/7/16 19:26,n/a,1,ndi,PHONE
Luggage,Amazon,totes Auto Open Wooden Stick Umbrella Black One Size,B005FOJAR0,12/7/16 19:26,n/a,1,ndi,PHONE
Outdoors,Amazon,Brooks Saddles Challenge Tool Bag (Aged Dark Tan),B001D8YMK2,12/8/16 6:08,n/a,1,ndi,DESKTOP
Office Products,Amazon,Crenova XPE460 LED Video Projector Home Projector with Free HDMI Support 1080P for Home Cinema Theater TV Laptop Game SD iPad iPhone Android Smartphon,B016XR7WA4,12/9/16 15:29,n/a,1,di,DESKTOP
Books,Amazon,Where Chefs Eat: A Guide to Chefs' Favorite Restaurants (2015),714868663,12/13/16 15:53,n/a,1,di,DESKTOP
Home,Amazon,Hallmark 2016 Disney Frozen Elsa and Anna Photo Holder Holiday Ornament,B01BLOR44S,12/15/16 20:42,n/a,1,ndi,DESKTOP
Kitchen & Housewares,Amazon,Crock-Pot 3-Quart Round Manual Slow Cooker Stainless Steel SCR300SS,B003UCG8II,12/15/16 20:42,n/a,1,ndi,DESKTOP
Pet Supplies,Amazon,PetTech Remote Controlled Dog Training Collar Rechargeable and Waterproof All Size Dogs (10Lbs - 100Lbs) 400 Yard Range,B01DUWWZ9S,12/16/16 6:57,n/a,1,ndi,DESKTOP
Toys & Games,Amazon,VTech Kidizoom Camera Pix Pink (Frustration Free Packaging),B01FMK17RC,12/16/16 12:53,n/a,1,di,DESKTOP
Toys & Games,Amazon,VTech Kidizoom Camera Pix Pink (Frustration Free Packaging),B01FMK17RC,12/16/16 12:53,n/a,1,ndi,DESKTOP
Kitchen & Housewares,Amazon,Nespresso Inissia Espresso Maker Black,B00KMSLHDY,12/16/16 12:53,n/a,1,di,DESKTOP
Toys & Games,Amazon,VTech Kidizoom Camera Pix Pink (Frustration Free Packaging),B01FMK17RC,12/16/16 12:53,n/a,1,di,DESKTOP
Grocery & Gourmet Food,Amazon,Nespresso Variety Pack for OriginalLine 50 Capsules 1.76 oz,B0099HD3YA,12/16/16 12:53,n/a,2,ndi,DESKTOP
Electronics,Amazon,My Audio Pet - Mini Bluetooth Wireless Speaker - PANDAmonium,B01G3VNWYU,12/17/16 11:46,n/a,1,di,PHONE
Toys & Games,Amazon,LeapFrog Read with Me Violet,B00CG0CL3G,12/17/16 21:51,n/a,1,ndi,DESKTOP
Toys & Games,Amazon,Little Tikes Easy Score Basketball Set - 3 Ball,B01C5A2WJO,12/17/16 21:51,n/a,1,ndi,DESKTOP
Toys & Games,Amazon,B. LucKeys,B00IWCQR3M,12/17/16 22:42,n/a,1,di,DESKTOP
Home,Amazon,Full Circle Tidy Organic Dish Cloths Set of 3 Multi,B003ZJL51G,12/17/16 22:42,n/a,1,ndi,DESKTOP
Toys & Games,Amazon,Playskool Sesame Street Love2Learn Elmo,B01BMW5PZY,12/19/16 13:45,n/a,1,di,DESKTOP
Toys & Games,Amazon,Playskool Sesame Street Love2Learn Elmo,B01BMW5PZY,12/19/16 13:46,n/a,1,di,DESKTOP
DVD,Amazon,Wreck-It Ralph (Blu-ray 3D/Blu-ray/DVD + Digital Copy),B00A7OJ0DC,12/20/16 12:21,n/a,1,ndi,TABLET
DVD,Amazon,Jason Bourne (4K Ultra HD + Blu-ray + Digital HD),B01JAQES02,12/20/16 12:21,n/a,1,ndi,TABLET
Electronics,Amazon,Bluelounge CableDrop Mini White - Cable Management System for All Cables up to 5/16-inch,B00FK4PLPK,12/20/16 12:21,n/a,1,ndi,TABLET
DVD,Amazon,Captain America: The First Avenger [Blu-ray],B00PCK4UD6,12/20/16 12:21,n/a,1,ndi,TABLET
DVD,Amazon,The Peanuts Movie - 3D Collector's Edition [Blu-ray 3D + Blu-ray + DVD + Digital HD],B018WXLK0K,12/20/16 12:21,n/a,1,ndi,TABLET
DVD,Amazon,The Revenant [4K UHD Blu-ray],B01CFRMJD6,12/20/16 12:21,n/a,1,ndi,TABLET
Tools & Hardware,Amazon,GE White Shade Night Light (2 Count),B01BPEUHCK,1/2/17 16:41,n/a,1,ndi,DESKTOP
Watches,Amazon,Cluse La Boheme Rose Gold White/Grey Womens Watch CL8015.,B00VTD1VH8,1/14/17 17:47,n/a,1,di,DESKTOP
Pet Supplies,Amazon,Vastar Dog No Bark Collar Electric Anti Bark Shock Control with 7 Levels Button Adjustable,B01N9FABWJ,1/29/17 7:28,n/a,1,ndi,DESKTOP
Home,Amazon,MARATHON CL030033BK Atomic Self-setting Self-adjusting Wall Clock w/ Stand & 8 timezones - Batteries Included (Black),B01KKCHA28,1/31/17 22:40,n/a,1,ndi,DESKTOP
Books,Amazon,Around That Time: Horst at Home in Vogue,1419722247,2/1/17 7:24,n/a,1,ndi,DESKTOP
Baby,Amazon,Miffy Baby Cards by Milestone Capture your baby's first year together with Miffy! Add a card to your baby pictures. The Perfect Baby Shower Gift,B00VWZ75P0,2/2/17 15:56,n/a,1,di,DESKTOP
Pet Supplies,Amazon,OxGord Natural Oatmeal Dog Puppy Shampoo & Conditioner 100% Natural 20 oz- Medicated Clinical Vet Formula Wash For All Pets - Made with Aloe Vera for ,B0167AVKCI,2/4/17 15:00,n/a,1,ndi,DESKTOP
Watches,Amazon,La Boh√®me Rose Gold White/Pink,B00MPQITKA,2/6/17 9:47,n/a,1,di,DESKTOP
Baby,Amazon,Gerber 5 Count Heavyweight Gauze Prefold White,B007VBYVXI,3/13/17 13:30,n/a,1,di,PHONE
Baby,Amazon,21 mm 2xOne-Piece Small Breastshield w/ Valve and Membrane for Medela Breast Pumps; Replacement to Medela PersonalFit 21 Breastshield and Personal Fit,B00FK599DE,3/19/17 12:23,n/a,1,ndi,DESKTOP
Baby,Amazon,Lansinoh Breastmilk Storage Bottles 4 Count BPA Free and BPS Free,B00IIRY2RE,4/24/17 15:48,n/a,1,ndi,DESKTOP
Baby,Amazon,Wooden Baby Hair Brush Set with Natural Goat Hair Bristles ~ Helps Prevent Cradle Cap ~ Best Baby Shower and Registry Gift ~ Supports Charity,B01BLTN3EI,4/24/17 15:48,n/a,1,ndi,DESKTOP
Books,Amazon,Option B: Facing Adversity Building Resilience and Finding Joy,1524732680,4/24/17 15:48,n/a,1,ndi,DESKTOP
Baby,Amazon,Lansinoh Breastmilk Storage Bottles 4 Count BPA Free and BPS Free,B00IIRY2RE,4/25/17 5:47,n/a,1,ndi,DESKTOP
Baby,Amazon,Nenesupply Generic Backflow Protector Compatible with Spectra S2 Spectra S1 and 9 Plus Breastpump Not Original Spectra Backflow Protector and Spectra ,B019JHTUSM,4/25/17 5:47,n/a,1,ndi,DESKTOP
Kitchen & Housewares,Amazon,Leather Drink Coasters Set with Strap (6-Pack) Decorative Table Home Bar Kitchen or Dining Cup Holders Round,B01N6HTYGH,5/15/17 16:19,n/a,1,ndi,DESKTOP
Baby,Amazon,Brica Infant Comfort Canopy Car Seat Cover,B005FWCEGG,5/19/17 16:00,n/a,1,ndi,DESKTOP
Grocery & Gourmet Food,Amazon,Bean Box Gourmet Coffee Sampler - (fresh roasted coffee gift box specialty whole bean 4 handpicked roasts personalized gift note),B00UGK4S3Y,5/24/17 14:15,n/a,1,ndi,DESKTOP
Office Products,Amazon,Hammermill Paper Premium Multi-Purpose Paper Poly Wrap 24lb 8.5 x 11 Letter 97 Bright 500 Sheets / 1 Ream (105810) Made In The USA,B00BT2SSKM,5/25/17 21:04,n/a,1,ndi,DESKTOP
Luggage,Amazon,AmazonBasics 4-Piece Packing Cube Set - Small Gray,B014VBI7OO,5/25/17 21:04,n/a,1,ndi,DESKTOP
Pet Supplies,Amazon,Petmate Replendish Gravity Waterer w/ Microban,B0057LAICM,5/25/17 21:04,n/a,1,ndi,DESKTOP
Clothing & Accessories,Amazon,Women's Push Up Deep V Nursing Bras 3PACK BlackPinkBeige L,B01LWBVB0A,5/29/17 17:48,n/a,1,ndi,DESKTOP
Health & Personal Care,Amazon,My Heating Pad- Hot Therapy Pack ‚Äì Natural Heat Therapy - Stress Relief (Blue),B0178HVCGI,5/29/17 17:48,n/a,1,ndi,DESKTOP
Clothing & Accessories,Amazon,Make America Great Again - Donald Trump 2016 Campaign Cap Hat (002) Red,B01GQI49FQ,5/30/17 17:56,n/a,1,ndi,DESKTOP
Health & Personal Care,Amazon,Epsom Salt 2Lb (907g),B000JJAVPQ,5/31/17 10:30,n/a,1,ndi,DESKTOP
Luxury Beauty,Amazon,essie essie nail polish bordeaux 0.46 fl. oz.,B00770OUUM,5/31/17 10:30,n/a,1,ndi,DESKTOP
Luxury Beauty,Amazon,essie essie nail polish bordeaux 0.46 fl. oz.,B00770OUUM,5/31/17 16:05,n/a,1,ndi,DESKTOP
Baby,Amazon,Lansinoh mOmma Breastmilk Feeding Bottle with NaturalWave Nipple 8 Ounce 3 Count BPA Free and BPS Free,B00H0DH2OM,5/31/17 16:05,n/a,1,ndi,DESKTOP
Baby,Amazon,Baby Banana Infant Training Toothbrush and Teether Yellow,B002QYW8LW,5/31/17 16:05,n/a,1,di,DESKTOP
Baby,Amazon,Dr. Brown's Original Nipple Level 3 (6m+) 6-Pack,B015XBYDD0,6/2/17 11:44,n/a,1,ndi,PHONE
Tools & Hardware,Amazon,KOHLER K-9245-BN 2.5 GPM Moxie Showerhead and Wireless Speaker Vibrant Brushed Nickel,B00DQSF5C6,6/2/17 22:08,n/a,1,di,PHONE
Sports & Outdoors,Amazon,Zepp Golf 2 3D Swing Analyzer,B01CL9802W,6/6/17 8:06,n/a,1,di,DESKTOP
Books,Amazon,Goodnight Goodnight Construction Site,811877825,6/8/17 4:56,n/a,1,di,DESKTOP
Books,Amazon,Sleepy Bunny (Pat the Bunny Cloth Book),375825312,6/8/17 4:56,n/a,1,di,DESKTOP
Health & Personal Care,Amazon,Mother‚Äôs Select Organic Goat‚Äôs Rue ‚Äì Herbal Support Aid for Lactation & Nursing - Increase Breast Milk Supply - Safe Gluten Free Dairy and Soy Free -,B00PWLZ7JG,6/27/17 9:21,n/a,1,ndi,DESKTOP
Musical Instruments,Amazon,Stentor 1500 4/4 Violin,B002021HIK,6/27/17 11:10,n/a,1,di,DESKTOP
Cell Phones & Accessories,Amazon,AUKEY 20000mAh Portable Charger with Lightning and Micro-USB Input 3.4A Dual USB Output for iPhone 7/7 Plus Samsung and More,B0176HQ1O8,7/10/17 19:02,n/a,1,ndi,PHONE
Baby,Amazon,Vulli Sophie la Girafe,B000IDSLOG,7/11/17 5:03,n/a,1,di,PHONE
Musical Instruments,Amazon,Millant-Deroux The Original Dark Rosin For Violin - Viola - Cello,B000F3JO8G,7/11/17 8:44,n/a,1,ndi,DESKTOP
Health & Personal Care,Amazon,23andMe DNA Test - Health + Ancestry Personal Genetic Service - 75+ Online Reports,B01G7PYQTM,7/11/17 21:38,n/a,2,di,PHONE
Toys & Games,Amazon,Manhattan Toy Lullaby Squirrel Pull Musical Crib and Baby Toy,B01N18LFGH,7/19/17 10:40,n/a,1,di,DESKTOP
Office Products,Amazon,Scratch the World¬Æ - scratch off places you travel map print! - detailed cartography - 33.11 x 23.39 inches,B00O8PNW6M,8/6/17 19:14,n/a,1,di,DESKTOP
Camera,Amazon,GoPro HERO5 Black,B01M14ATO0,8/6/17 19:14,n/a,1,di,DESKTOP
Health & Personal Care,Amazon,Boiron Camilia Baby Teething Relief 30 Doses. Teething Drops for Painful Gums Irritability. Benzocaine and Preservative-Free Sterile Single Oral L,B005KG7U16,8/15/17 18:43,n/a,1,di,PHONE
Baby,Amazon,Boon Marco Light-Up Bath Toy,B00R88PN6I,9/5/17 18:17,n/a,1,di,DESKTOP
Baby,Amazon,"World of Eric Carle The Very Hungry Caterpillar ""Numbers Bath Book""",B00CDJD28I,9/5/17 18:17,n/a,1,di,DESKTOP
Baby,Amazon,Boon Building Bath Pipes Toy Set Set of 5,B00R0V7PUU,9/5/17 18:17,n/a,1,di,DESKTOP
Handbags and Shoes,Amazon,Women's Nike Free RN 2017 Running Shoe Black/White/Dark Grey/Anthracite Size 7.5 M US,B01K0NQJVU,9/6/17 9:43,n/a,1,ndi,DESKTOP
Other,Amazon,Flash Furniture Small Solid Navy Blue Kids Bean Bag Chair,B00G582IJ2,9/10/17 11:20,n/a,1,ndi,PHONE
Tools & Hardware,Amazon,SunLabz Energy-Saving LED Light Bulbs - A19 Soft-White 60-Watt Equivalent E26 Socket Non-Dimmable Pack of 6,B01N6QEOG0,9/11/17 19:31,n/a,1,ndi,DESKTOP
Sports & Outdoors,Amazon,We Sell Mats Foam Interlocking Square Floor Tiles with Borders (Each 2 x 2 Feet) 48 SQFT (12 Tiles + Borders) - Charcoal Gray,B00HWFITCW,9/15/17 18:34,n/a,1,ndi,DESKTOP
Baby,Amazon,Safety Baby Magnetic Cabinet Locks - No Tools Needed (8 Locks + 2 Keys),B00W4GSSDE,9/16/17 17:53,n/a,1,ndi,DESKTOP
Baby,Amazon,Baby Banana Infant Training Toothbrush and Teether Yellow,B002QYW8LW,9/24/17 14:16,n/a,1,di,DESKTOP
Baby,Amazon,Linkax Baby Magnetic Locks Safety Cabinet Locks Child Magnet Drawer & Door Locks Set for Home Safety No Drilling (10 Locks + 2 Keys),B071HL6S4W,9/24/17 14:16,n/a,1,ndi,DESKTOP
Baby,Amazon,Boon Building Bath Pipes Toy Set Set of 5,B00R0V7PUU,10/6/17 9:44,n/a,1,di,PHONE
Books,Amazon,The 101 Coolest Simple Science Experiments: Awesome Things To Do With Your Parents Babysitters and Other Adults,1624141331,10/6/17 9:48,n/a,1,ndi,PHONE
Toys & Games,Amazon,Scientific Explorer Tasty Science Kit,B000NQNS5K,10/6/17 9:59,n/a,1,ndi,PHONE
Baby,Amazon,Boon Building Bath Pipes Toy Set Set of 5,B00R0V7PUU,10/19/17 11:23,n/a,1,di,DESKTOP
Books,Amazon,The Pout-Pout Fish,374360979,10/22/17 17:12,n/a,1,di,DESKTOP
Baby,Amazon,Infantino Squeeze Pouches 4-Fl Oz50 count,B009IWNPXK,10/22/17 17:12,n/a,1,ndi,DESKTOP
Health & Personal Care,Amazon,Burt's Bees Baby Shampoo & Wash Calming 12 Ounces (Pack of 3),B017U04C60,10/31/17 16:51,n/a,1,ndi,DESKTOP
Kitchen & Housewares,Amazon,Ball 4-Ounce Quilted Crystal Jelly Jars with Lids and Bands Set of 12 - 2 Pack (Total 24 Jars),B00RG0IWBG,11/3/17 19:05,n/a,1,ndi,DESKTOP
Health & Personal Care,Amazon,Beesworks Yellow Beeswax Pellets - 2 lb,B00FD32S0Y,11/3/17 19:05,n/a,1,ndi,DESKTOP
Health & Personal Care,Amazon,"White Oval Waterproof Essential Oil Labels for Bottles & Jars ‚Äì 2.5"" x 1.5"" Oval 5 Sheets 90 Labels",B01MG1CHAP,11/4/17 23:19,n/a,1,ndi,DESKTOP
Home,Amazon,LUCID 4 Inch Folding Mattress and Sofa with Removable Indoor / Outdoor Fabric Cover - Twin XL Size,B01M3U32IA,11/8/17 5:41,n/a,1,ndi,DESKTOP
Health & Personal Care,Amazon,Pampers Cruisers Disposable Diapers Size 3 180 Count (One Month Supply),B00ZV2DP40,11/8/17 19:22,n/a,1,ndi,DESKTOP
Baby,Amazon,ZOE Umbrella XL1 Single Stroller DELUXE - Black,B01FE9GOCY,11/8/17 19:22,n/a,1,ndi,DESKTOP
Sports & Outdoors,Amazon,"Level Terrain FlipBelt Waist Pouch Black Large/32""-35""",B00JF9DU4U,11/9/17 5:59,n/a,1,di,DESKTOP
Clothing & Accessories,Amazon,Burt's Bees Baby Baby Organic Holiday Zip Sleeper Cranberry Rugby Stripe 3-6 Months,B01H4QBD30,11/9/17 17:31,n/a,1,ndi,DESKTOP
Baby,Amazon,CoCaLo Mix & Match Patchwork Fur Blanket Silver,B00J0YSI1K,11/9/17 19:42,n/a,1,ndi,DESKTOP
Clothing & Accessories,Amazon,Women's Sequins V-neck Ball Evening Prom Gown Bridesmaid Dress Bodycon Size US8 KK199-4,B01KYT70MW,11/15/17 12:13,n/a,1,ndi,DESKTOP
Grocery & Gourmet Food,Amazon,CalNaturale Svelte Organic Protein Shake Chocolate 11 Ounce (Pack of 8),B00IPCCGV6,11/18/17 16:34,n/a,1,ndi,PHONE
Tools & Hardware,Amazon,KOHLER K-9245-BN 2.5 GPM Moxie Showerhead and Wireless Speaker Vibrant Brushed Nickel,B00DQSF5C6,11/19/17 14:17,n/a,1,di,DESKTOP
Computers,Amazon,HDE iPad Mini Kids Case Shockproof Handle Stand Cover for Apple iPad Mini 2/3 Retina (Green),B00EPIWY0C,11/21/17 3:40,n/a,1,ndi,DESKTOP
Kitchen & Housewares,Amazon,Instant Pot DUO80 8 Qt 7-in-1 Multi- Use Programmable Pressure Cooker Slow Cooker Rice Cooker Steamer Saut√© Yogurt Maker and Warmer,B01B1VC13K,11/24/17 10:05,n/a,1,di,PHONE
Other,Amazon,All-new Echo (2nd Generation) with improved sound powered by Dolby and a new design ‚Äì Heather Gray Fabric,B0749WVS7J,11/25/17 18:19,n/a,1,di,PHONE
Kitchen & Housewares,Amazon,Bin 8 Multi Kitchen Tool (juices strains grates and more!),B0043YSM0E,11/26/17 8:36,n/a,2,ndi,DESKTOP
Health & Personal Care,Amazon,Hurraw! Lip Balms: Black Cherry Tinted (2 Pack),B01LR81ZFM,11/26/17 10:57,n/a,1,ndi,PHONE
Health & Personal Care,Amazon,Hurraw! Lip Balms: Black Cherry Tinted (2 Pack),B01LR81ZFM,11/26/17 10:58,n/a,1,ndi,PHONE
Health & Personal Care,Amazon,Aveeno Baby Eczema Therapy Soothing Baby Bath Treatment 5 Count-3.75oz (Pack of 2),B005982NIU,11/26/17 15:25,n/a,1,ndi,DESKTOP
Health & Personal Care,Amazon,Aveeno Baby Eczema Therapy Moisturizing Cream For Dry Skin 7.3 Oz.,B0080I51NK,11/26/17 15:25,n/a,1,ndi,DESKTOP
Home,Amazon,MaxHold No-Drilling/Suction Cup Double / Two Tier Corner Shower Caddy Organizer Basket - Vaccum System - Stainless Steel Never Rust - for Bathroom & K,B011KHOPZM,11/26/17 18:46,n/a,1,ndi,PHONE
Home,Amazon,OXO Good Grips All-Purpose Squeegee,B000CCDBRK,11/26/17 18:46,n/a,1,ndi,PHONE
Beauty,Amazon,No Fog Shower Mirror with Rotating Locking Suction; Bonus Separate Razor Holder | Adjustable Arm for Easy Positioning | Best Personal Mirror for Shav,B00XMJNH88,11/26/17 18:46,n/a,1,ndi,PHONE
Home,Amazon,OXA Smart 1000W Ultra-Compact Handheld Garment Steamer 20s Fast Steaming with 2 Brushes Portable Fabric Clothes Steamer ‚Äì Portable Safe Lightweigh,B072WLQSVJ,11/27/17 9:41,n/a,1,ndi,DESKTOP
Home,Amazon,BSLINO 4pcs/set Triangle Sheet Band Straps Suspenders Adjustable Fitted Bed Sheet Corner Holder Elastic Straps Fasteners Clips Grippers Mattress Pad C,B01M1JUJ8H,11/27/17 9:41,n/a,1,ndi,DESKTOP
Other,Amazon,Sex at Dawn: How We Mate Why We Stray and What It Means for Modern Relationships,B004ADQAPM,11/27/17 10:19,n/a,1,ndi,DESKTOP
Computers,Amazon,Elegoo Upgraded 37 in 1 Sensor Modules Kit with Tutorial for Arduino UNO R3 MEGA 2560 Nano 2016 new version,B01MG49ZQ5,11/27/17 10:34,n/a,1,ndi,DESKTOP
Industrial & Scientific,Amazon,Elegoo UNO Project Super Starter Kit with Tutorial for Arduino,B01D8KOZF4,11/27/17 10:34,n/a,1,ndi,DESKTOP
Industrial & Scientific,Amazon,Top Greener TU2152A-W Dual USB Outlet/Outlet with USB ports Dual USB Charger Outlet USB Power Outlet 2.1A USB Outlet with 15A Tamper Resistant Dupl,B00MNU668A,11/27/17 11:40,n/a,2,ndi,PHONE
Kitchen & Housewares,Amazon,Hudson Essentials Cast Iron Cleaner XL 7x7 Premium Stainless Steel Chainmail Scrubber,B00KQCJ0CG,11/27/17 11:40,n/a,1,ndi,PHONE
Other,Amazon,Echo Dot (2nd Generation) - Black,B01DFKC2SO,11/27/17 15:17,n/a,2,di,PHONE
Kitchen & Housewares,Amazon,Fred DINNER WINNER Kids' Dinner Tray Enchanted Forest,B01D1FSJXA,11/29/17 5:48,n/a,1,di,PHONE
Home & Garden,Amazon,Click & Grow Indoor Smart Fresh Herb Garden Kit With 3 Basil Cartridges & White Lid | Self Watering Planter & Patented Nano-Tech Medium For Plant Grow,B00ZFXFXZ4,11/30/17 11:55,n/a,1,di,PHONE
Toys & Games,Amazon,Exploding Kittens: NSFW Edition (Explicit Content - ADULTS ONLY!),B010TU7LP2,12/3/17 4:32,n/a,1,di,PHONE
Books,Amazon,Manage Your Day-to-Day: Build Your Routine Find Your Focus and Sharpen Your Creative Mind (The 99U Book Series),1477800670,12/3/17 4:32,n/a,1,di,PHONE
Beauty,Amazon,Bath Bombs Gift Set - GAEA MIRACLE Handmade SPA Bombs Fizzing with Organic and Natural Ingredients-Soothe 6 x 4 oz Dry Skin Relaxation-A Great Gift fo,B074CJ11ZL,12/3/17 4:32,n/a,2,di,PHONE
Kitchen & Housewares,Amazon,8Pcs Small Wooden Salt Spoon Condiments Teaspoon Seasoning Sugar Coffee Tea Jam Mustard Ice Cream,B076KBBQKQ,12/5/17 22:12,n/a,1,ndi,DESKTOP
Home,Amazon,Thirsty Rhino Stainless Steel Mini Flask Funnel / Essential Oil Bottle Funnel (Set of 2),B01CUQ0ITO,12/5/17 22:12,n/a,1,ndi,DESKTOP
Books,Amazon,Algorithms to Live By: The Computer Science of Human Decisions,1250118360,12/7/17 5:54,n/a,1,di,DESKTOP
Baby,Amazon,Munchkin White Hot Inflatable Duck Tub,B000066665,12/7/17 5:54,n/a,2,ndi,DESKTOP
Office Products,Amazon,Valuetoner Remanufactured Ink Cartridge Replacement for HP 60 CC640WN CC643WN (2 Black 1 Tri-Color) 3 Pack,B00VEYOSWM,12/7/17 5:54,n/a,1,ndi,DESKTOP
Kitchen & Housewares,Amazon,Copper Garden Fork,B00OIKKWG0,12/8/17 18:14,n/a,1,ndi,DESKTOP
Home & Garden,Amazon,Alchemade Copper Garden Trowel,B00OIKIAAA,12/8/17 18:14,n/a,1,ndi,DESKTOP
Clothing & Accessories,Amazon,Wrapables Peek A Boo Animal Non-Skid Toddler Socks (Set of 6) Zoo Animals (Small),B01CIQQMHS,12/9/17 5:14,n/a,1,ndi,DESKTOP
Books,Amazon,The Octonauts Explore the Great Big Ocean,7510616,12/9/17 16:45,n/a,1,ndi,DESKTOP
Outdoors,Amazon,Barebones Living - Trekker Cooler | Outdoor Soft Side Lunch Bag Cooler Holds Up To 6 12oz Cans,B01E7CUKM4,12/9/17 16:45,n/a,1,di,DESKTOP
Baby,Amazon,Boon Marco Light-Up Bath Toy,B00R88PN6I,12/10/17 9:45,n/a,1,di,PHONE
Grocery & Gourmet Food,Amazon,AIVA - Cardamom Seeds (Decorticated Cardamom) (16 oz),B072FJ48XG,12/10/17 10:50,n/a,1,ndi,DESKTOP
Grocery & Gourmet Food,Amazon,Lars' Own Swedish Pearl Sugar 10 oz Packages in Frustration Free Packaging (Pack of 2),B00YVDNXEM,12/10/17 10:50,n/a,1,ndi,DESKTOP
Beauty,Amazon,8 USA Made Vegan Bath Bombs Kit - Gift Set Ideas - Gifts For Women Mom Girls Teens Her - Ultra Lush Spa Fizzies - Best Gift Ideas - Add to Bath Bu,B018MU5FN6,12/10/17 11:35,n/a,1,di,DESKTOP
Home,Amazon,MG D√©cor Madhu's Collection Nose Eyeglass Holder,B0088LJJJG,12/10/17 12:30,n/a,1,ndi,DESKTOP
Kitchen & Housewares,Amazon,The Carry on Cocktail Kit The Old Fashioned,B00PSTH5VK,12/10/17 18:10,n/a,1,di,PHONE
Home,Amazon,"Popular Handicrafts Roundie Indian Mandala Throw Tapestry Hippy Round Table cover Beach Throw Picnic Tapestry Round 70""",B01GL234M6,12/11/17 5:03,n/a,1,ndi,PHONE
Toys & Games,Amazon,Day Of The Dead Nesting Dolls,B01I0AHXWO,12/11/17 5:03,n/a,1,ndi,PHONE
Toys & Games,Amazon,Magnetic Poetry - Little Box of Leo Zodiac Kit - Words for Refrigerator - Write Poems and Letters on the Fridge - Made in the USA,B00KTJAGQU,12/11/17 5:03,n/a,1,di,PHONE
Other,Amazon,SPACE Seating Professional AirGrid Dark Back and Padded Black Eco Leather Seat 2-to-1 Synchro Tilt Control Adjustable Arms and Tilt Tension with Nyl,B00K1OOUWO,12/11/17 8:43,n/a,1,ndi,DESKTOP
Health & Personal Care,Amazon,23andMe DNA Test Ancestry Personal Genetic Service - includes at-home saliva collection kit,B01LZ5K87Z,12/13/17 19:13,n/a,2,di,DESKTOP
Office Products,Amazon,Canon SELPHY CP1300 Wireless Compact Photo Printer with AirPrint and Mopria Device Printing White,B073YGJ636,12/13/17 19:13,n/a,1,di,DESKTOP
Toys & Games,Amazon,Lottie Muddy Puddles Doll,B00UIEVG1A,12/13/17 19:13,n/a,1,ndi,DESKTOP
Kitchen & Housewares,Amazon,NoGoo Silicone Plate - Approx 8‚Äù Round - Assorted Colors (Blue),B01DJOBJXK,12/13/17 19:13,n/a,2,ndi,DESKTOP
Kitchen & Housewares,Amazon,Instant Pot Duo Mini 3 Qt 7-in-1 Multi- Use Programmable Pressure Cooker Slow Cooker Rice Cooker Steamer Saut√© Yogurt Maker and Warmer,B06Y1YD5W7,12/15/17 18:43,n/a,1,di,DESKTOP
Toys & Games,Amazon,USAopoly The Golden Girls Clue Board Game,B06Y1RYTNJ,12/16/17 0:22,n/a,1,ndi,DESKTOP
Kitchen & Housewares,Amazon,DeVine- Ah So Wine Opener for Vintage Bottles - Gift Packaging,B00TNSV4DC,12/16/17 0:22,n/a,1,ndi,DESKTOP
Toys & Games,Amazon,Bears vs Babies: A Card Game From the Creators of Exploding Kittens,B071GS97RT,12/16/17 0:22,n/a,1,di,DESKTOP
Home & Garden,Amazon,AvoSeedo Bowl Grown Your Own Avocado Tree Evergreen Perfect Avocado Tree Growing Kit for Every Avocado Lover - 3 Pack (Green Blue & Transparent),B016LBEPMU,12/16/17 0:22,n/a,1,di,DESKTOP
Books,Amazon,Cabin Porn: Inspiration for Your Quiet Place Somewhere,316378216,12/16/17 0:22,n/a,1,ndi,DESKTOP
Health & Personal Care,Amazon,Aquaphor Baby Diaper Rash Cream 3.5 Ounce (Pack of 3),B00Q2MYU9W,12/18/17 5:54,n/a,1,ndi,DESKTOP
Health & Personal Care,Amazon,Boiron Camilia Baby Teething Relief 30 Doses. Teething Drops for Painful Gums Irritability. Benzocaine and Preservative-Free Sterile Single Oral L,B005KG7U16,12/18/17 5:54,n/a,1,ndi,DESKTOP
Health & Personal Care,Amazon,Energizer AAA Batteries Triple A Battery Max Alkaline (24 Count) E92BP-24,B007YASGWS,12/18/17 5:56,n/a,1,ndi,DESKTOP
Baby,Amazon,ezpz Mini Mat - One-piece silicone placemat + plate (Lime) One Size,B01C95ZCKQ,12/18/17 7:06,n/a,1,ndi,DESKTOP
Office Products,Amazon,Holiday BEER GIFTS - 6 Pack Beer Holder Greeting Card (Set of 4) in Festive Holiday Lights design - Awesome for use as Christmas Party Hostess Gift C,B00PUSI0OU,12/18/17 9:58,n/a,1,ndi,PHONE
Office Products,Amazon,Leuchtturm Red Pen Loop,B004QPVZ40,12/18/17 12:48,n/a,1,ndi,PHONE
Office Products,Amazon,Leuchtturm 1917 Orange Pen Loop,B009KJR4DS,12/18/17 12:48,n/a,1,ndi,PHONE
Cell Phones & Accessories,Amazon,iPhone X Case TORRAS [Lock Series] 3 in 1 Hybrid Hard Plastic Case Ultra Thin and Slim Anti-scratch Matte Finish Cover Case for Apple iPhone X - Red,B076BL3CMK,12/18/17 12:48,n/a,1,ndi,PHONE
Cell Phones & Accessories,Amazon,iRing Universal Masstige Ring Grip/Stand Holder for any Smart Device - Gold,B00QSBYU3I,12/18/17 12:48,n/a,1,ndi,PHONE
Office Products,Amazon,Leuchtturm1917 Hardcover Medium Dotted Journal [Red],B003G6YFWY,12/18/17 12:48,n/a,1,ndi,PHONE
Home,Amazon,Artlicious - 50 Premium Distinct Colored Pencils for Adult Coloring Books - Bonus Sharpener - Color Names on Pencils,B01FIWU46Y,12/18/17 13:26,n/a,1,ndi,PHONE
Books,Amazon,Color the Words of Jesus: A Christian Coloring Book: Modern Florals Cover with Calligraphy & Lettering Design: Colouring for Adults (Inspirational ...,1640011153,12/18/17 13:26,n/a,1,ndi,PHONE
Toys & Games,Amazon,Crayola Colored Pencils 50 Count Set Pre-sharpened,B018HB2QFU,12/18/17 13:26,n/a,1,ndi,PHONE
Toys & Games,Amazon,Holy Stone F181C RC Quadcopter Drone with HD Camera RTF 4 Channel 2.4GHz 6-Gyro with Altitude Hold FunctionHeadless Mode and One Key Return Home Col,B00SAUAP5C,12/18/17 15:30,n/a,1,di,PHONE
Office Products,Amazon,"Productivity Planner - Daily Planner - Non Dated 5 x 8""",991846222,12/18/17 16:37,n/a,1,di,DESKTOP
Office Products,Amazon,Crenova XPE460 LED Video Projector Home Projector with Free HDMI Support 1080P for Home Cinema Theater TV Laptop Game SD iPad iPhone Android Smartphon,B016XR7WA4,12/18/17 20:13,n/a,1,di,DESKTOP
Toys & Games,Amazon,Crayola Washable Dry-Erase Markers 12 Count,B00TLEMNNS,12/19/17 9:52,n/a,1,ndi,PHONE
Toys & Games,Amazon,Crayola Dry-Erase Crayons 8 Count,B002TU4OHY,12/19/17 9:52,n/a,1,ndi,PHONE
Toys & Games,Amazon,Hape Anywhere Table Top Kid's Portable Art Easel Set,B00II020CU,12/19/17 9:52,n/a,1,di,PHONE
Toys & Games,Amazon,Educational Insights Nancy B's Science Club MoonScope¬†& Sky Gazers 22-page Activity Journal 90x magnification,B00B1Z6F52,12/19/17 11:09,n/a,1,ndi,DESKTOP
Tools & Hardware,Amazon,mockins Sky Blue Inhaler With Natural Pure Himalayan Pink Salt,B076QHPRJK,12/19/17 11:09,n/a,3,ndi,DESKTOP
Books,Amazon,Women in Science: 50 Fearless Pioneers Who Changed the World,1607749769,12/19/17 11:09,n/a,1,di,DESKTOP
Health & Personal Care,Amazon,23andMe DNA Test - Health + Ancestry Personal Genetic Service - 75+ Online Reports - includes at-home saliva collection kit,B01G7PYQTM,12/19/17 16:39,n/a,1,di,DESKTOP
Clothing & Accessories,Amazon,Jinson Women's Motherhood Maternity Tunic Tops Mama Clothes Flattering Side Ruching Long Sleeve Scoop Neck Pregnancy T-Shirt Red S,B01MU59AGD,12/19/17 18:35,n/a,1,ndi,PHONE
Clothing & Accessories,Amazon,RVCA Men's Set Up Hood Grey Noise Medium,B00MMTQXKS,12/19/17 21:54,n/a,1,ndi,DESKTOP
Handbags and Shoes,Amazon,Fossil Kinley Small Crossbody Brown One Size,B0183ES3VW,12/19/17 22:13,n/a,1,ndi,DESKTOP
Sports & Outdoors,Amazon,Workout Sweatband Sport Headband with Non Slip Silicone Moisture Wicking or AthleticRunningYoga for Women and MenSet of 3,B0749G5NDV,12/20/17 7:25,n/a,1,ndi,DESKTOP
Health & Personal Care,Amazon,Seventh Generation Dish Liquid Free & Clear 25 oz (Pack of 6),B001FA1NTG,12/20/17 7:25,n/a,1,ndi,DESKTOP
Office Products,Amazon,U Brands Magnetic Dry Erase/Cork Weekly Calendar Board 18 x 7.5 Inches Silver Aluminum Frame,B00PRYQAXU,12/20/17 7:25,n/a,1,ndi,DESKTOP
Books,Amazon,"The Plan: Eliminate the Surprising ""Healthy"" Foods That Are Making You Fat--and Lose Weight Fast (2014)",1455515493,12/20/17 16:32,n/a,1,ndi,DESKTOP
Clothing & Accessories,Amazon,Casual Cotton Socks (Gift4Set),B076NJMD7G,12/20/17 16:35,n/a,1,ndi,DESKTOP
Books,Amazon,The Best of Harry Potter Coloring: Celebratory Edition (Harry Potter),1338166603,12/20/17 16:35,n/a,1,di,DESKTOP
Health & Personal Care,Amazon,Eucalyptus 100% Pure Best Therapeutic Grade Essential Oil - 10ml,B00P6O790E,12/21/17 14:07,n/a,1,ndi,TABLET
Health & Personal Care,Amazon,Lemongrass - 100% Pure Best Therapeutic Grade Essential Oil - 10ml,B00QJCDJK6,12/21/17 14:07,n/a,1,ndi,TABLET
Beauty,Amazon,Essential Oil DiffuserXPLUS 300ml Aroma Diffuser Aromatherapy Ultrasonic Cool Mist Humidifier with Color LED Lights Changing for Baby Office Home Bed,B071FW5K23,12/21/17 14:07,n/a,2,ndi,TABLET
Video Games,Amazon,Xbox Wireless Controller - Black,B01LPZM7VI,12/21/17 18:10,n/a,1,ndi,PHONE
Toys & Games,Amazon,Buddha Board Mini Buddha Board 5 x 5 x 1/2-Inch Black,B000LUYQ22,12/22/17 9:02,n/a,1,ndi,PHONE
Books,Amazon,Hamilton 2018 Wall Calendar,789333309,12/22/17 9:02,n/a,1,ndi,PHONE
Books,Amazon,Believe Me: A Memoir of Love Death and Jazz Chickens,399175830,12/22/17 9:02,n/a,1,ndi,PHONE
Cell Phones & Accessories,Amazon,Tile Mate - Key Finder. Phone Finder. Anything Finder - 1-pack,B01L3VEC08,12/22/17 14:26,n/a,1,di,PHONE
Books,Amazon,Charlotte's Web,61124958,12/22/17 15:03,n/a,1,ndi,PHONE
Beauty,Amazon,This Works Deep Sleep Pillow Spray 75ml,B006VT8G1O,12/22/17 16:13,n/a,1,di,PHONE
Books,Amazon,The Paris Wife,345521315,12/23/17 11:32,n/a,1,ndi,PHONE
Tools & Hardware,Amazon,Vintage Edison Light Bulb 60W (4 Pack) - Dimmable Exposed Filament - Incandescent Clear ST58 Teardrop Squirrel Cage Style - E26 Medium Base 2700K - 21,B01IBTS9DG,12/23/17 11:32,n/a,1,ndi,PHONE
Clothing & Accessories,Amazon,Sierry 2 Pairs Womens Boot Leg Cuffs Leg Warmers Topper Socks Boot Socks for Women,B07785QHC2,12/23/17 11:32,n/a,1,ndi,PHONE
Pet Supplies,Amazon,"OmniPet Signature Leather Crystal and Leather Dog Collar 10"" Kiwi",B005HSCX3W,12/24/17 15:45,n/a,1,ndi,PHONE
Camera,Amazon,Polaroid 2x3 inch Premium ZINK Photo Paper TWIN PACK (20 Sheets) - Compatible With Polaroid Snap Snap Touch Z2300 SocialMatic Instant Cameras & Zip,B00ZSPI3A6,12/24/17 15:45,n/a,1,ndi,PHONE
Camera,Amazon,Polaroid Snap Instant Digital Camera (Purple) with ZINK Zero Ink Printing Technology,B01CGVSFT8,12/24/17 15:45,n/a,1,di,PHONE
Books,Amazon,A Week in Winter,1101973765,12/25/17 9:28,n/a,1,ndi,TABLET
Health & Personal Care,Amazon,A&D Original Diaper Ointment 4 Ounce (Pack of 4) (Packaging May Vary),B016I352K0,12/26/17 15:38,n/a,1,ndi,DESKTOP
Home,Amazon,GOER 3.2 ft x 9.8 ft Metallic Tinsel Foil Fringe Curtains for Party Photo Backdrop Wedding Decor (Gold1 pack),B01J9FWFC2,12/28/17 16:00,n/a,2,ndi,PHONE
Kitchen & Housewares,Amazon,OmieBox Bento Lunch Box With Insulated Thermos for Kids Meadow,B017S9L3A6,1/2/18 7:51,n/a,1,di,DESKTOP
Grocery & Gourmet Food,Amazon,Albanese Candy Pink Grapefruit Gummi Bears 5-pound Bag,B00BP5BI8C,1/7/18 7:06,n/a,1,ndi,DESKTOP
Grocery & Gourmet Food,Amazon,Plum Organics Mighty 4 Organic Toddler Food Cherry Strawberry Black Bean Spinach and Oat 4.0 ounce pouch (Pack of 12),B0126XOQS0,1/7/18 11:49,n/a,1,ndi,DESKTOP
Grocery & Gourmet Food,Amazon,Plum Organics Mighty 4 Organic Toddler Food Guava Pomegranate Black Bean Carrot and Oat 4.0 ounce (Pack of 12),B0126XOCCA,1/7/18 11:49,n/a,1,ndi,DESKTOP
Toys & Games,Amazon,Little Kids Fubbles No-Spill Bubble Tumbler Minis Party Pack 12-Pack 2 Fl. Oz.,B00BN4QVEG,1/9/18 13:09,n/a,1,ndi,DESKTOP
Toys & Games,Amazon,Melissa & Doug Fold and Go Wooden Dollhouse With 2 Dolls and Wooden Furniture,B001P9OGRS,1/15/18 8:50,n/a,1,di,DESKTOP
Health & Personal Care,Amazon,Mr. Pumice Callus Remover Pumi Bar: Pedicure Stone & Foot Scrubber - Medium Grit (4 Pack Assorted Colors),B001FA3IQ2,1/19/18 12:25,n/a,1,ndi,DESKTOP
Books,Amazon,My Fuzzy Valentine (Sesame Street),375833927,1/19/18 12:25,n/a,1,di,DESKTOP
Health & Personal Care,Amazon,Infants' Tylenol Oral Suspension Fever Reducer and Pain Reliever Cherry 2 fl oz,B00E1MTFCC,1/22/18 5:25,n/a,1,ndi,DESKTOP
Books,Amazon,My Fuzzy Valentine (Sesame Street),375833927,1/22/18 6:19,n/a,1,di,DESKTOP
Baby,Amazon,Vulli Sophie The Giraffe New Box Polka Dots,B06XHNCJHV,1/22/18 6:19,n/a,1,di,DESKTOP
Pet Supplies,Amazon,Pet Product Innovations Paw Plunger - Blue Medium 15 - 70 lbs.,B00BOIJI14,1/23/18 17:02,n/a,1,ndi,DESKTOP
Baby,Amazon,mifold Grab-and-Go Booster Seat and Carry Bag Slate/Grey,B07338KKFB,2/1/18 13:15,n/a,1,ndi,PHONE
Clothing & Accessories,Amazon,UGG Men's Robinson Navy Heather L/XL,B071ZTKK9V,2/1/18 13:41,n/a,1,di,DESKTOP
Office Products,Amazon,Canon Office Products 2234C001 Canon SELPHY CP1300 Wireless Compact Photo Printer with AirPrint and Mopria Device Printing Black,B073YHRPV5,2/1/18 14:40,n/a,1,di,PHONE
Office Products,Amazon,Canon KP-108IN Ink/Paper Set,B001BJKO3M,2/1/18 14:40,n/a,1,ndi,PHONE
Kitchen & Housewares,Amazon,Stasher Reusable Silicone Food Bag Sandwich Bag Storage Bag Raspberry,B0742XCG2L,2/2/18 18:12,n/a,1,ndi,DESKTOP
Home & Garden,Amazon,United States Waving American Flag Stars and Stripes Lapel Pin,B009MPP58G,2/6/18 15:32,n/a,1,ndi,DESKTOP
Health & Personal Care,Amazon,Naipo Shiatsu Back and Neck Massager with Heat Deep Kneading Massage for Neck Back Shoulder Legs and Foot Use at Home Car Office,B01D2UJVGS,2/8/18 20:45,n/a,1,ndi,PHONE
Tools & Hardware,Amazon,Whirlpool EDR3RXD1 EveryDrop by Refrigerator Water Filter 3 (Pack of 1),B00UB441HS,2/9/18 12:58,n/a,1,ndi,PHONE
Luggage,Amazon,Tumi Alpha 2 Split Travel Kit Black One Size,B00KFQ02BG,2/10/18 7:04,n/a,1,di,PHONE
Books,Amazon,Coupons for Couples (Volume 1),1541242149,2/11/18 8:06,n/a,1,ndi,PHONE
Clothing & Accessories,Amazon,Argyle Reds Men's Cotton Blend Dress Socks  One Size,B015JG1MRE,2/11/18 8:06,n/a,1,ndi,PHONE
Beauty,Amazon,Vetelli Leo Leather Toiletry Bag for Men - Dopp Kit - Handmade for Traveling Vacations and Adventures. The ultimate gift and travel accessory.,B076DD3L7R,2/11/18 8:13,n/a,1,ndi,TABLET
Tools & Hardware,Amazon,TOPSEAT TinyHiney Potty Round Toilet Seat Adult/Child w/ Slow Close Chromed Metal Hinges Wood White,B00IIQCSVM,2/11/18 19:11,n/a,1,ndi,PHONE
Handbags and Shoes,Amazon,Teva Tidepool Sport Sandal (Toddler/Little Kid/Big Kid) Navy/Yellow Print-T 2 M US Little Kid,B011S6D056,2/12/18 11:55,n/a,1,ndi,PHONE
Handbags and Shoes,Amazon,Capezio Daisy 205 Ballet Shoe (Toddler/Little Kid)Ballet Pink11 M US Little Kid,B0002USBT0,2/12/18 11:55,n/a,1,ndi,PHONE
Toys & Games,Amazon,Rainbow Unicorn Foil Balloon By ZiYan,B077P2TZ5Q,2/12/18 11:55,n/a,1,ndi,PHONE
Toys & Games,Amazon,Magical Rainbow Unicorn Themed Birthday Party Pack for 20,B01N3OTB77,2/12/18 11:55,n/a,1,ndi,PHONE
Handbags and Shoes,Amazon,KEEN Baby Moxie Gore Mary Jane Flat Black/Magnet 11 Toddler US Toddler,B01MQM1VHK,2/12/18 11:55,n/a,1,ndi,PHONE
Handbags and Shoes,Amazon,Keds Ella Mary Jane Sneaker (Toddler/Little Kid)White11 M US Little Kid,B005AQBUKI,2/12/18 11:55,n/a,1,ndi,PHONE
Books,Amazon,Hoodwinked Study Guide: Ten Myths Moms Believe and Why We All Need to Knock It Off,310831458,2/12/18 19:28,n/a,1,ndi,PHONE
Books,Amazon,Hoodwinked: Ten Myths Moms Believe and Why We All Need To Knock It Off,310343437,2/12/18 19:28,n/a,1,ndi,PHONE
Grocery & Gourmet Food,Amazon,Dried Whole Hibiscus Flowers - Organically Grown -Perfect for Homemade Tea Blends Potpourri Bath Salts Gifts Crafts Wild Flower #4 (4 ounce),B01KJAWUEY,2/12/18 19:35,n/a,1,ndi,PHONE
Grocery & Gourmet Food,Amazon,Golden Flower Dried Lily Flowers 5oz Package,B004RZ0U36,2/12/18 19:35,n/a,1,ndi,PHONE
Home,Amazon,Dried Longan Meat (Golden) Dried Fruit 100% Real Fruit No sugar Healthy Snack - 50g. (1.75 Oz),B076P5KWF1,2/12/18 19:35,n/a,1,ndi,PHONE
Grocery & Gourmet Food,Amazon,TooGet Traditional Health Herbs Chrysanthemum Buds Tai Ju Organic Premium Golden Fetal Chrysanthemum Flower Floral Dried Herbal Wholesale Culinary,B077B1DHXN,2/12/18 19:35,n/a,1,ndi,PHONE
Grocery & Gourmet Food,Amazon,12 Oz. Big Dried Fruit Jujube Chinese Red Dates Hong Zao Herbal Healthy Foods,B00KTQP7S0,2/12/18 19:35,n/a,1,ndi,PHONE
Kindle eBooks,Amazon,Preacher's Showdown (Preacher/First Mountain Man),B078G7JT5B,2/13/18 8:02,n/a,1,ndi,TABLET
Kitchen & Housewares,Amazon,Suits You Just Got Litt Up! 15 oz White Ceramic Mug as seen on USA Network,B06Y1SJ5YH,2/14/18 10:27,n/a,1,ndi,PHONE
Baby,Amazon,Dr. Brown's Infant-to-Toddler Toothbrush Set 1.4 Ounce Pink,B013W6CCGI,2/20/18 16:10,n/a,1,ndi,DESKTOP
Health & Personal Care,Amazon,Neosporin Antibiotic Original Ointment 0.50 oz (Pack of 2),B00MWPR5NQ,2/20/18 16:10,n/a,1,ndi,DESKTOP
Baby,Amazon,Dr. Brown's Infant-to-Toddler ToothbrushBlue,B013W6C6W8,2/26/18 19:19,n/a,1,di,DESKTOP
Office Products,Amazon,"Productivity Planner - Daily Planner - Non Dated 5 x 8"" - Accomplish your 2018 Goals",991846222,2/26/18 19:19,n/a,1,di,DESKTOP
Baby,Amazon,SugarBooger Zippee Lunch Tote Flamingo,B073X56FL2,2/26/18 19:19,n/a,1,di,DESKTOP
Health & Personal Care,Amazon,Pampers Sensitive Water Baby Wipes 7X Refill Packs 448 Count,B005DLCJX2,2/27/18 5:30,n/a,1,ndi,DESKTOP
Office Products,Amazon,Valuetoner Remanufactured Ink Cartridge Replacement for HP 60 CC640WN CC643WN (2 Black 1 Tri-Color) 3 Pack,B00VEYOSWM,2/27/18 5:30,n/a,1,ndi,DESKTOP
Office Products,Amazon,HP 60 Black Original Ink Cartridge (CC640WN) 2 Cartridges (CZ071FN),B004ZOTA3A,2/27/18 9:28,n/a,1,ndi,DESKTOP
Home,Amazon,Secura Instant-Steam Handheld Garment and Fabric Steamer with Stainless Steel Soleplate and Accessories 1000-Watt 360¬∞ Rotating Non-Bind Cord (2-year,B01M08KH92,3/18/18 16:31,n/a,1,ndi,DESKTOP
Office Products,Amazon,"Aviditi RM6K Self Seal Flat Mailer 18"" Length x 13"" Width Kraft (Case of 100)",B00BT365Q0,3/20/18 11:58,n/a,2,ndi,DESKTOP
Health & Personal Care,Amazon,Cottonelle CleanCare Family Roll Toilet Paper (Pack of 36 Rolls) Bath Tissue with Clean Ripple Texture Sewer and Septic Safe. 250 sheets/roll,B06ZY7QKKK,3/20/18 11:58,n/a,1,ndi,DESKTOP
Health & Personal Care,Amazon,Bounty Select-a-Size Paper Towels White 12 Huge Rolls,B019DM86LA,3/20/18 11:58,n/a,1,ndi,DESKTOP
Toys & Games,Amazon,The School of Life - Know Yourself Prompt Cards - Cards for Self-Reflection,B01GGGR2VG,3/22/18 19:45,n/a,1,di,PHONE
Health & Personal Care,Amazon,Playtex Gloves Playtex Living Medium (3-Pack),B00SRR8I16,3/30/18 13:13,n/a,1,ndi,DESKTOP
Tools & Hardware,Amazon,2000W Step Down Voltage Converter 220V to 110V and Universal Travel Plug Adapter Combo for Hair Dryer Steam Iron Cell phone Laptop MacBook - World Pow,B075YQC98J,4/15/18 15:18,n/a,1,ndi,DESKTOP
Toys & Games,Amazon,Joyin Toy Doctor Kit 31 Pieces Pretend-n-Play Dentist Medical Kit with Electronic Stethoscope and Coat for Kids Holiday Gifts School Classroom Easte,B07852818T,4/16/18 21:18,n/a,1,di,DESKTOP
Beauty,Amazon,InnoGear 500ml Aromatherapy Essential Oil Diffuser Cool Mist Humidifier Waterless Auto Shut-off with 4 Timers and 7 LED Color Changing Lights,B0181XCFKK,4/17/18 23:50,n/a,1,ndi,DESKTOP
Health & Personal Care,Amazon,Vaseline Petroleum Jelly Baby 13 Ounce,B001B11WMW,4/21/18 12:21,n/a,1,ndi,PHONE
Industrial & Scientific,Amazon,Medline PRM21408CZ Caring Woven Non-Sterile 4x4 Gauze Sponges 8-ply (Pack of 200),B074N8ZX1P,4/21/18 12:21,n/a,1,ndi,PHONE
Home,Amazon,Dyson V7 Motorhead Cordless Stick Vacuum Cleaner,B01MSZ036Q,4/21/18 13:23,n/a,1,ndi,DESKTOP
Health & Personal Care,Amazon,Pampers Baby-Dry Disposable Diapers Size 5 112 Count GIANT,B00DDMIODM,4/25/18 4:20,n/a,1,ndi,DESKTOP
Health & Personal Care,Amazon,Pampers Baby-Dry Disposable Diapers Size 5 112 Count GIANT,B00DDMIODM,4/25/18 4:22,n/a,1,ndi,DESKTOP
Beauty,Amazon,This Works deep sleep bath soak 200g,B006VT8GG4,5/7/18 6:26,n/a,1,di,DESKTOP
Home,Amazon,Drill Brush Cordless Drill Power Scrubber,B002DLYV22,5/8/18 8:57,n/a,1,ndi,DESKTOP
Health & Personal Care,Amazon,Kleenex Ultra Soft & Strong Facial Tissues; 50 Tissues per Cube Box; 4 Pack,B01C5JN8KM,5/8/18 8:57,n/a,1,ndi,DESKTOP
Luxury Beauty,Amazon,Mario Badescu Facial Spray with Aloe Herbs and Rosewater 4 oz.,B002LC9OES,5/8/18 8:57,n/a,1,ndi,DESKTOP
Grocery & Gourmet Food,Amazon,Ziploc Storage Bag Quart Value Pack 48 ct,B000SRMDEG,5/8/18 8:57,n/a,1,ndi,DESKTOP
Office Products,Amazon,Pilot G2 Retractable Premium Gel Ink Roller Ball Pens Fine Pt Dozen Box Navy Blue,B000JE8U5E,5/8/18 8:57,n/a,1,ndi,DESKTOP
Handbags and Shoes,Amazon,Womens Slipper Memory Foam Fluffy Slip-on House Suede Fur Lined/Anti-Skid Sole Indoor & Outdoor,B0776KBBM8,5/8/18 10:20,n/a,1,di,DESKTOP
Health & Personal Care,Amazon,WaterWipes Sensitive Baby Wipes 9 Packs of 60 Count (540 Count),B008KJQMA0,5/8/18 11:02,n/a,1,ndi,DESKTOP
Baby,Amazon,bloom BABY Sensitive Skin Unscented Hypoallergenic Baby Wipes 640-Count,B019ENBOYE,5/8/18 11:02,n/a,3,ndi,DESKTOP
Health & Personal Care,Amazon,HUGGIES OverNites Diapers Size 3 68 ct. BIG PACK Overnight Diapers (Packaging May Vary),B00HB0WKQY,5/8/18 11:02,n/a,1,ndi,DESKTOP
Health & Personal Care,Amazon,23andMe DNA Test - Health + Ancestry Personal Genetic Service - 75+ Online Reports - includes at-home saliva collection kit,B01G7PYQTM,5/14/18 7:54,n/a,1,di,DESKTOP
Cell Phones & Accessories,Amazon,Pouch Attachment for Phone Case Fits ALL Bandolier Cases. Black Leather with Studded SILVER Details. Carrying Purse for Credit Cards & Essentials. Car,B07657B7ZK,5/17/18 13:35,n/a,1,ndi,PHONE
Cell Phones & Accessories,Amazon,Case For iPhone 8 PLUS 7 PLUS & 6 PLUS - Stylish SILVER Studs & Black Leather Wallet Phone Cover. Slim Cross-Body Strap Credit Cards Holder. Protecti,B079PK2GDW,5/17/18 13:35,n/a,1,ndi,PHONE
Books,Amazon,The Monocle Guide to Good Business,3899555376,5/23/18 14:22,n/a,1,di,DESKTOP
Toys & Games,Amazon,Kano Computer Kit ‚Äì Make a computer learn to code (10 pieces),B073VTCS66,6/3/18 8:50,n/a,1,di,PHONE
Home Goods,Sur La Table,Save 50% on the Staub Pure Grill Now Only $99.96 + Free Shipping at SurLaTable.com!,138144772,12/26/17,1,0,,
Luxury Advertisers,Kate Spade,"kate spade handbags: shop totes, satchels, clutches & more online + free shipping now!",138069910,12/25/17,1,0,,
Food and Drink,Sugarfina,Holiday season is here! Sugarfina is offering 2 free samples with any order! No promo code or coupon needed! (valid 11/7-12/31),138861338,12/24/17,1,0,,
Luxury Advertisers,Kate Spade,shop kate spade gifts online + free shipping now!,138069917,12/23/17,6,0,,
Luxury Advertisers,Kate Spade,"kate spade handbags: shop totes, satchels, clutches & more online + free shipping now!",138069910,12/23/17,1,0,,
Beauty and Grooming,Kiehl's,"Free shipping with any $50 purchase, plus select 3 free samples!",23223316,12/23/17,4,0,,
Department Stores,NORDSTROM.com,NL_080212,269040,12/23/17,3,0,,
Beauty and Grooming,"Sephora.com, Inc.","Beauty Deals! Limited Time Offers, Everyday Freebies & More at Sephora!",1068212,12/23/17,1,0,,
Food and Drink,Sugarfina,Holiday season is here! Sugarfina is offering 2 free samples with any order! No promo code or coupon needed! (valid 11/7-12/31),138861338,12/23/17,1,0,,
Luxury Advertisers,Kate Spade,shop kate spade gifts online + free shipping now!,138069917,12/22/17,2,0,,
Luxury Advertisers,Kate Spade,Join Our Mailing List And Get 15% Off Your Next Order!,138069311,12/22/17,1,0,,
Luxury Advertisers,Kate Spade,"kate spade handbags: shop totes, satchels, clutches & more online + free shipping now!",138069910,12/22/17,1,0,,
Beauty and Grooming,Kiehl's,"Free shipping with any $50 purchase, plus select 3 free samples!",23223316,12/22/17,1,0,,
Beauty and Grooming,Kiehl's,"Free shipping with any $50 purchase, plus select 3 free samples!",138816686,12/22/17,1,0,,
Department Stores,NORDSTROM.com,NL_080212,269040,12/22/17,2,0,,
Food and Drink,Sugarfina,Holiday season is here! Sugarfina is offering 2 free samples with any order! No promo code or coupon needed! (valid 11/7-12/31),138861338,12/22/17,3,0,,
Home Goods,Sur La Table,Save 50% on the Staub Pure Grill Now Only $99.96 + Free Shipping at SurLaTable.com!,138144772,12/22/17,3,0,,
Department Stores,Target.com,A New Day: Available Exclusively at Target!,138172097,12/22/17,6,0,,
Department Stores,Bloomingdale's,"Shop All-Clad at Bloomingdales.com! Premium quality, expertly-crafted kitchenware that lasts a lifetime.",2132795,12/21/17,1,0,,
Luxury Advertisers,Kate Spade,shop kate spade gifts online + free shipping now!,138069917,12/21/17,3,0,,
Luxury Advertisers,Kate Spade,Join Our Mailing List And Get 15% Off Your Next Order!,138069311,12/21/17,1,0,,
Department Stores,NORDSTROM.com,NL_080212,269040,12/21/17,4,0,,
Beauty and Grooming,"Sephora.com, Inc.","Beauty Deals! Limited Time Offers, Everyday Freebies & More at Sephora!",1068212,12/21/17,4,0,,
Food and Drink,Sugarfina,Holiday season is here! Sugarfina is offering 2 free samples with any order! No promo code or coupon needed! (valid 11/7-12/31),138861338,12/21/17,13,0,,
Home Goods,Sur La Table,Save 50% on the Staub Pure Grill Now Only $99.96 + Free Shipping at SurLaTable.com!,138144772,12/21/17,6,0,,
Luxury Advertisers,Kate Spade,shop kate spade gifts online + free shipping now!,138069917,12/20/17,4,2,,
Beauty and Grooming,Kiehl's,"Free shipping with any $50 purchase, plus select 3 free samples!",23223316,12/20/17,1,0,,
Department Stores,NORDSTROM.com,NL_080212,269040,12/20/17,3,0,,
Beauty and Grooming,"Sephora.com, Inc.","Beauty Deals! Limited Time Offers, Everyday Freebies & More at Sephora!",1068212,12/20/17,1,0,,
Home Goods,Sur La Table,Save 50% on the Staub Pure Grill Now Only $99.96 + Free Shipping at SurLaTable.com!,138144772,12/20/17,1,0,,
Department Stores,Target.com,A New Day: Available Exclusively at Target!,138172097,12/20/17,1,0,,
Sporting & Outdoors Equipment,Backcountry.com,Backcountry Outlet,3360607,12/19/17,1,0,,
Sporting & Outdoors Equipment,Backcountry.com,New Customer Offer ‚Äì Get 15% Off Your First Purchase With Code: NEWCUSTOMER15 at Backcountry.com!,139093329,12/19/17,0,0,,
Babies and Kids,Hanna Andersson,Hanna Andersson's family pajamas become part of holiday celebrations year after year. Shop new & returning collections and make this year's memories more special than ever. Valid 9/26- until supplies last.,2867606,12/19/17,4,0,,
Luxury Advertisers,Kate Spade,shop kate spade gifts online + free shipping now!,138069917,12/19/17,3,0,,
Beauty and Grooming,Kiehl's,"Free shipping with any $50 purchase, plus select 3 free samples!",23223316,12/19/17,3,0,,
Department Stores,Macys.com,Pick 3 Fragrance Samples with Fragrance Purchase at macys.com!,412762,12/19/17,3,0,,
Electronics Accessories,NOMAD Goods,Rugged Leather Case for iPhone X,138248534,12/19/17,3,0,,
Department Stores,NORDSTROM.com,NL_080212,269040,12/19/17,1,0,,
Beauty and Grooming,"Sephora.com, Inc.","Beauty Deals! Limited Time Offers, Everyday Freebies & More at Sephora!",1068212,12/19/17,1,0,,
Home Goods,Sur La Table,Save 50% on the Staub Pure Grill Now Only $99.96 + Free Shipping at SurLaTable.com!,138144772,12/19/17,1,0,,
Department Stores,Target.com,A New Day: Available Exclusively at Target!,138172097,12/19/17,2,0,,
Sweden,Urbanears,<link> Plattan 2 THE PERFECT CLASSIC HEADPHONE </link> (320x50),3363479,12/19/17,1,0,,
Department Stores,Bloomingdale's,"Shop All-Clad at Bloomingdales.com! Premium quality, expertly-crafted kitchenware that lasts a lifetime.",2132795,12/18/17,1,0,,
Luxury Advertisers,Kate Spade,Join Our Mailing List And Get 15% Off Your Next Order!,138069311,12/18/17,1,0,,
Luxury Advertisers,Kate Spade,shop kate spade gifts online + free shipping now!,138069917,12/18/17,3,0,,
Luxury Advertisers,Kate Spade,"kate spade handbags: shop totes, satchels, clutches & more online + free shipping now!",138069910,12/18/17,1,0,,
Beauty and Grooming,Kiehl's,"Free shipping with any $50 purchase, plus select 3 free samples!",23223316,12/18/17,1,0,,
Department Stores,Macys.com,Pick 3 Fragrance Samples with Fragrance Purchase at macys.com!,412762,12/18/17,2,0,,
Beauty and Grooming,"Sephora.com, Inc.","Beauty Deals! Limited Time Offers, Everyday Freebies & More at Sephora!",1068212,12/18/17,2,0,,
Food and Drink,Sugarfina,Holiday season is here! Sugarfina is offering 2 free samples with any order! No promo code or coupon needed! (valid 11/7-12/31),138861338,12/18/17,1,0,,
Home Goods,Sur La Table,Save 50% on the Staub Pure Grill Now Only $99.96 + Free Shipping at SurLaTable.com!,138144772,12/18/17,2,0,,
Luxury Advertisers,Kate Spade,kate spade new york,1251461,12/17/17,0,0,,
Luxury Advertisers,Kate Spade,shop kate spade gifts online + free shipping now!,138069917,12/17/17,4,0,,
Luxury Advertisers,Kate Spade,"kate spade handbags: shop totes, satchels, clutches & more online + free shipping now!",138069910,12/17/17,1,0,,
Beauty and Grooming,Kiehl's,"Free shipping with any $50 purchase, plus select 3 free samples!",138816686,12/17/17,1,0,,
Department Stores,NORDSTROM.com,NL_080212,269040,12/17/17,1,0,,
Food and Drink,Sugarfina,Holiday season is here! Sugarfina is offering 2 free samples with any order! No promo code or coupon needed! (valid 11/7-12/31),138861338,12/17/17,1,0,,
Home Goods,Sur La Table,Save 50% on the Staub Pure Grill Now Only $99.96 + Free Shipping at SurLaTable.com!,138144772,12/17/17,1,0,,
Department Stores,Target.com,A New Day: Available Exclusively at Target!,138172097,12/17/17,1,0,,
Luxury Advertisers,Kate Spade,Join Our Mailing List And Get 15% Off Your Next Order!,138069311,12/16/17,1,0,,
Luxury Advertisers,Kate Spade,shop kate spade gifts online + free shipping now!,138069917,12/16/17,1,0,,
Department Stores,Macys.com,Pick 3 Fragrance Samples with Fragrance Purchase at macys.com!,412762,12/16/17,4,0,,
Department Stores,NORDSTROM.com,NL_080212,269040,12/16/17,3,0,,
Beauty and Grooming,"Sephora.com, Inc.","Beauty Deals! Limited Time Offers, Everyday Freebies & More at Sephora!",1068212,12/16/17,2,0,,
Home Goods,Sur La Table,Save 50% on the Staub Pure Grill Now Only $99.96 + Free Shipping at SurLaTable.com!,138144772,12/16/17,3,0,,
Luxury Advertisers,Kate Spade,shop kate spade gifts online + free shipping now!,138069917,12/15/17,1,0,,
Luxury Advertisers,Kate Spade,"kate spade handbags: shop totes, satchels, clutches & more online + free shipping now!",138069910,12/15/17,2,0,,
Department Stores,Bloomingdale's,"Shop All-Clad at Bloomingdales.com! Premium quality, expertly-crafted kitchenware that lasts a lifetime.",2132795,12/14/17,1,0,,
Food and Drink,goop - DEACTIVATED,General 125x125,127236578,12/14/17,1,0,,
Luxury Advertisers,Kate Spade,"kate spade handbags: shop totes, satchels, clutches & more online + free shipping now!",138069910,12/14/17,1,0,,
Beauty and Grooming,"Sephora.com, Inc.","Beauty Deals! Limited Time Offers, Everyday Freebies & More at Sephora!",1068212,12/14/17,3,0,,
Home Goods,Sur La Table,Save 50% on the Staub Pure Grill Now Only $99.96 + Free Shipping at SurLaTable.com!,138144772,12/14/17,1,0,,
Department Stores,Target.com,A New Day: Available Exclusively at Target!,138172097,12/14/17,2,0,,
Department Stores,Bloomingdale's,"Shop All-Clad at Bloomingdales.com! Premium quality, expertly-crafted kitchenware that lasts a lifetime.",2132795,12/13/17,5,0,,
Food and Drink,goop - DEACTIVATED,General 125x125,127236578,12/13/17,6,0,,
Department Stores,NORDSTROM.com,NL_080212,269040,12/13/17,1,0,,
Home Goods,Sur La Table,Save 50% on the Staub Pure Grill Now Only $99.96 + Free Shipping at SurLaTable.com!,138144772,12/13/17,1,0,,
Department Stores,Bloomingdale's,"Shop All-Clad at Bloomingdales.com! Premium quality, expertly-crafted kitchenware that lasts a lifetime.",2132795,12/12/17,1,0,,
Department Stores,NORDSTROM.com,NL_080212,269040,12/12/17,9,0,,
Beauty and Grooming,"Sephora.com, Inc.","Beauty Deals! Limited Time Offers, Everyday Freebies & More at Sephora!",1068212,12/12/17,8,0,,
Food and Drink,Sugarfina,Holiday season is here! Sugarfina is offering 2 free samples with any order! No promo code or coupon needed! (valid 11/7-12/31),138861338,12/12/17,14,0,,
Department Stores,Target.com,A New Day: Available Exclusively at Target!,138172097,12/12/17,1,0,,
Department Stores,Bloomingdale's,"Shop All-Clad at Bloomingdales.com! Premium quality, expertly-crafted kitchenware that lasts a lifetime.",2132795,12/11/17,3,0,,
Food and Drink,goop - DEACTIVATED,General 125x125,127236578,12/11/17,4,0,,
Luxury Advertisers,Kate Spade,Join Our Mailing List And Get 15% Off Your Next Order!,138069311,12/11/17,1,0,,
Department Stores,Bloomingdale's,"Shop All-Clad at Bloomingdales.com! Premium quality, expertly-crafted kitchenware that lasts a lifetime.",2132795,12/10/17,1,0,,
Beauty and Grooming,Kiehl's,"Free shipping with any $50 purchase, plus select 3 free samples!",23223316,12/10/17,1,0,,
Department Stores,Macys.com,Pick 3 Fragrance Samples with Fragrance Purchase at macys.com!,412762,12/10/17,2,0,,
Department Stores,NORDSTROM.com,NL_080212,269040,12/10/17,5,0,,
Beauty and Grooming,"Sephora.com, Inc.","Beauty Deals! Limited Time Offers, Everyday Freebies & More at Sephora!",1068212,12/10/17,6,0,,
Food and Drink,Sugarfina,Holiday season is here! Sugarfina is offering 2 free samples with any order! No promo code or coupon needed! (valid 11/7-12/31),138861338,12/10/17,4,0,,
Department Stores,NORDSTROM.com,NL_080212,269040,12/9/17,1,0,,
Apparel,Urban Outfitters,Urban OUtfitters Deep Link,711916,12/9/17,1,0,,
Luxury Advertisers,Kate Spade,Join Our Mailing List And Get 15% Off Your Next Order!,138069311,12/8/17,1,0,,
Luxury Advertisers,Kate Spade,shop kate spade gifts online + free shipping now!,138069917,12/8/17,1,0,,
Department Stores,NORDSTROM.com,NL_080212,269040,12/8/17,4,0,,
Food and Drink,Sugarfina,Holiday season is here! Sugarfina is offering 2 free samples with any order! No promo code or coupon needed! (valid 11/7-12/31),138861338,12/8/17,14,0,,
Home Goods,Sur La Table,Save 50% on the Staub Pure Grill Now Only $99.96 + Free Shipping at SurLaTable.com!,138144772,12/8/17,1,0,,
Department Stores,Bloomingdale's,"Shop All-Clad at Bloomingdales.com! Premium quality, expertly-crafted kitchenware that lasts a lifetime.",2132795,12/7/17,1,0,,
Luxury Advertisers,Kate Spade,Join Our Mailing List And Get 15% Off Your Next Order!,138069311,12/7/17,2,0,,
Department Stores,Macys.com,Pick 3 Fragrance Samples with Fragrance Purchase at macys.com!,412762,12/7/17,1,0,,
Department Stores,NORDSTROM.com,NL_080212,269040,12/7/17,5,0,,
Beauty and Grooming,"Sephora.com, Inc.","Beauty Deals! Limited Time Offers, Everyday Freebies & More at Sephora!",1068212,12/7/17,6,0,,
Luxury Advertisers,Kate Spade,Join Our Mailing List And Get 15% Off Your Next Order!,138069311,12/6/17,3,0,,
Luxury Advertisers,Kate Spade,shop kate spade gifts online + free shipping now!,138069917,12/6/17,8,0,,
Beauty and Grooming,Kiehl's,"Free shipping with any $50 purchase, plus select 3 free samples!",138816686,12/6/17,1,0,,
Beauty and Grooming,"Sephora.com, Inc.","Beauty Deals! Limited Time Offers, Everyday Freebies & More at Sephora!",1068212,12/6/17,1,0,,
Home Goods,Sur La Table,Save 50% on the Staub Pure Grill Now Only $99.96 + Free Shipping at SurLaTable.com!,138144772,12/6/17,11,0,,
Department Stores,Target.com,A New Day: Available Exclusively at Target!,138172097,12/6/17,1,0,,
Department Stores,Bloomingdale's,"Shop All-Clad at Bloomingdales.com! Premium quality, expertly-crafted kitchenware that lasts a lifetime.",2132795,12/5/17,1,0,,
Luxury Advertisers,Kate Spade,Join Our Mailing List And Get 15% Off Your Next Order!,138069311,12/5/17,1,0,,
Luxury Advertisers,Kate Spade,shop kate spade gifts online + free shipping now!,138069917,12/5/17,1,0,,
Food and Drink,Sugarfina,Holiday season is here! Sugarfina is offering 2 free samples with any order! No promo code or coupon needed! (valid 11/7-12/31),138861338,12/4/17,1,0,,
Luxury Advertisers,Kate Spade,shop kate spade gifts online + free shipping now!,138069917,12/3/17,11,0,,
Food and Drink,Sugarfina,Holiday season is here! Sugarfina is offering 2 free samples with any order! No promo code or coupon needed! (valid 11/7-12/31),138861338,12/3/17,1,0,,
Home Goods,Sur La Table,Save 50% on the Staub Pure Grill Now Only $99.96 + Free Shipping at SurLaTable.com!,138144772,12/3/17,21,0,,
Department Stores,Target.com,A New Day: Available Exclusively at Target!,138172097,12/3/17,1,0,,
Home Goods,Sur La Table,Save 50% on the Staub Pure Grill Now Only $99.96 + Free Shipping at SurLaTable.com!,138144772,12/2/17,2,0,,
Department Stores,Target.com,A New Day: Available Exclusively at Target!,138172097,12/2/17,1,0,,
Luxury Advertisers,Kate Spade,Join Our Mailing List And Get 15% Off Your Next Order!,138069311,12/1/17,7,0,,
Luxury Advertisers,Kate Spade,shop kate spade gifts online + free shipping now!,138069917,12/1/17,42,0,,
Luxury Advertisers,Kate Spade,"kate spade handbags: shop totes, satchels, clutches & more online + free shipping now!",138069910,12/1/17,1,0,,
Food and Drink,Sugarfina,Holiday season is here! Sugarfina is offering 2 free samples with any order! No promo code or coupon needed! (valid 11/7-12/31),138861338,12/1/17,1,0,,
Home Goods,Sur La Table,Save 50% on the Staub Pure Grill Now Only $99.96 + Free Shipping at SurLaTable.com!,138144772,12/1/17,2,0,,
Apparel,Urban Outfitters,Urban OUtfitters Deep Link,711916,12/1/17,1,0,,
Luxury Advertisers,Kate Spade,Join Our Mailing List And Get 15% Off Your Next Order!,138069311,11/30/17,7,0,,
Luxury Advertisers,Kate Spade,shop kate spade gifts online + free shipping now!,138069917,11/30/17,14,0,,
Luxury Advertisers,Kate Spade,"kate spade handbags: shop totes, satchels, clutches & more online + free shipping now!",138069910,11/30/17,2,0,,
Department Stores,NORDSTROM.com,NL_080212,269040,11/30/17,1,0,,
Food and Drink,Sugarfina,Holiday season is here! Sugarfina is offering 2 free samples with any order! No promo code or coupon needed! (valid 11/7-12/31),138861338,11/30/17,2,0,,
Home Goods,Sur La Table,Save 50% on the Staub Pure Grill Now Only $99.96 + Free Shipping at SurLaTable.com!,138144772,11/30/17,1,0,,
Luxury Advertisers,Kate Spade,"kate spade handbags: shop totes, satchels, clutches & more online + free shipping now!",138069910,11/29/17,1,0,,
Electronics Accessories,NOMAD Goods,Rugged Leather Case for iPhone X,138248534,11/29/17,3,0,,
Beauty and Grooming,"Sephora.com, Inc.","Beauty Deals! Limited Time Offers, Everyday Freebies & More at Sephora!",1068212,11/29/17,1,0,,
Food and Drink,Sugarfina,Holiday season is here! Sugarfina is offering 2 free samples with any order! No promo code or coupon needed! (valid 11/7-12/31),138861338,11/29/17,3,0,,
Department Stores,Target.com,A New Day: Available Exclusively at Target!,138172097,11/29/17,2,0,,
Food and Drink,Sugarfina,Holiday season is here! Sugarfina is offering 2 free samples with any order! No promo code or coupon needed! (valid 11/7-12/31),138861338,11/28/17,4,0,,
Department Stores,Target.com,A New Day: Available Exclusively at Target!,138172097,11/28/17,1,0,,
Department Stores,Bloomingdale's,"Shop All-Clad at Bloomingdales.com! Premium quality, expertly-crafted kitchenware that lasts a lifetime.",2132795,11/27/17,1,0,,
Luxury Advertisers,Kate Spade,shop kate spade gifts online + free shipping now!,138069917,11/27/17,3,0,,
Luxury Advertisers,Kate Spade,"kate spade handbags: shop totes, satchels, clutches & more online + free shipping now!",138069910,11/27/17,1,0,,
Luxury Advertisers,Kate Spade,black friday sale! enjoy 30% off everything* with code GIVEJOY *exclusions apply. valid 11/21 - 11/26.,138939542,11/27/17,1,0,,
Beauty and Grooming,Kiehl's,"Free shipping with any $50 purchase, plus select 3 free samples!",23223316,11/27/17,2,0,,
Beauty and Grooming,Kiehl's,"Free shipping with any $50 purchase, plus select 3 free samples!",138816686,11/27/17,2,0,,
Beauty and Grooming,Kiehl's,Enjoy $20 Off Your Purchase of $65 or More! Enter Code JINGLE at Checkout! Valid 11/10 - 11/30/17!,138902372,11/27/17,1,0,,
Beauty and Grooming,Laura Mercier,"Free Ground Shipping & Free Returns, plus 2 deluxe samples with every $50 purchase.",8368711,11/27/17,1,0,,
Department Stores,Lord & Taylor,"Black Friday Sale - Women's Cashmere Starting at $39.99, You Save Over $130. + $20 OFF $175+ with Code BONUS and FREE SHIPPING on All Orders Valid 11/21-11/26.",138903174,11/27/17,1,0,,
Department Stores,Macys.com,Pick 3 Fragrance Samples with Fragrance Purchase at macys.com!,412762,11/27/17,2,0,,
Electronics Accessories,NOMAD Goods,Rugged Leather Case for iPhone X,138248534,11/27/17,1,0,,
Department Stores,NORDSTROM.com,NL_080212,269040,11/27/17,4,0,,
Department Stores,NORDSTROM.com,Shop NORDSTROM for the best Black Friday Deals + Save an extra 20% on select sale items. FREE Shipping. FREE Returns.,138929952,11/27/17,2,0,,
Department Stores,Saks Fifth Avenue,Thanksgiving_50Sale_300x600,138938048,11/27/17,1,0,,
Travel Supplies,Samsonite,40% Off Entire Order Code: THANKS40,138911878,11/27/17,1,0,,
Beauty and Grooming,"Sephora.com, Inc.","Beauty Deals! Limited Time Offers, Everyday Freebies & More at Sephora!",1068212,11/27/17,1,0,,
Beauty and Grooming,"Sephora.com, Inc.",Receive a Free La Mer The Eye Concentrate Trial Size with Any $45 Purchase! Use Code VITALSURGE!,138891056,11/27/17,2,0,,
Food and Drink,Sugarfina,Black Friday Deal: Buy 3 get 1 Free on all Pre-Set Bento Boxes with Code: BLACKFRIYAY ! Valid 11/25-27 only.,3150508,11/27/17,1,0,,
Food and Drink,Sugarfina,Holiday season is here! Sugarfina is offering 2 free samples with any order! No promo code or coupon needed! (valid 11/7-12/31),138861338,11/27/17,5,0,,
Accessories and Handbags,Sunglass Hut,Sunglass Hut,394406,11/27/17,1,0,,
Home Goods,Sur La Table,Save 50% on the Staub Pure Grill Now Only $99.96 + Free Shipping at SurLaTable.com!,138144772,11/27/17,2,0,,
Home Goods,Sur La Table,Free Shipping on All Orders of $59 or more with code SHIPFREE at SurLaTable.com!,138865656,11/27/17,1,0,,
Department Stores,Target.com,A New Day: Available Exclusively at Target!,138172097,11/27/17,3,0,,
Department Stores,Target.com,30% off men's and women's boots. Valid 11/26-11/27,138930772,11/27/17,2,0,,
Travel Supplies,Tumi US,Black Friday: 40% Off Select Online Exclusives - Valid 11/24.,138903415,11/27/17,1,0,,
Luxury Advertisers,Kate Spade,Join Our Mailing List And Get 15% Off Your Next Order!,138069311,11/26/17,1,0,,
Luxury Advertisers,Kate Spade,shop kate spade gifts online + free shipping now!,138069917,11/26/17,4,0,,
Luxury Advertisers,Kate Spade,"kate spade handbags: shop totes, satchels, clutches & more online + free shipping now!",138069910,11/26/17,1,0,,
Beauty and Grooming,Kiehl's,"Free shipping with any $50 purchase, plus select 3 free samples!",23223316,11/26/17,1,0,,
Beauty and Grooming,Kiehl's,"Free shipping with any $50 purchase, plus select 3 free samples!",138816686,11/26/17,1,0,,
Department Stores,Macys.com,Pick 3 Fragrance Samples with Fragrance Purchase at macys.com!,412762,11/26/17,2,0,,
Department Stores,NORDSTROM.com,NL_080212,269040,11/26/17,3,0,,
Beauty and Grooming,"Sephora.com, Inc.","Beauty Deals! Limited Time Offers, Everyday Freebies & More at Sephora!",1068212,11/26/17,2,0,,
Beauty and Grooming,"Sephora.com, Inc.",Receive a Free La Mer The Eye Concentrate Trial Size with Any $45 Purchase! Use Code VITALSURGE!,138891056,11/26/17,1,0,,
Food and Drink,Sugarfina,Holiday season is here! Sugarfina is offering 2 free samples with any order! No promo code or coupon needed! (valid 11/7-12/31),138861338,11/26/17,4,1,,
Home Goods,Sur La Table,Save 50% on the Staub Pure Grill Now Only $99.96 + Free Shipping at SurLaTable.com!,138144772,11/26/17,4,0,,
Department Stores,Target.com,A New Day: Available Exclusively at Target!,138172097,11/26/17,2,0,,
Department Stores,Target.com,30% off men's and women's boots. Valid 11/26-11/27,138930772,11/26/17,3,0,,
Travel Supplies,Tumi US,Black Friday: 40% Off Select Online Exclusives - Valid 11/24.,138903415,11/26/17,1,0,,
Luxury Advertisers,Kate Spade,"kate spade handbags: shop totes, satchels, clutches & more online + free shipping now!",138069910,11/25/17,1,0,,
Beauty and Grooming,Kiehl's,"Free shipping with any $50 purchase, plus select 3 free samples!",23223316,11/25/17,1,0,,
Department Stores,NORDSTROM.com,NL_080212,269040,11/25/17,1,0,,
Beauty and Grooming,"Sephora.com, Inc.",Receive a Free La Mer The Eye Concentrate Trial Size with Any $45 Purchase! Use Code VITALSURGE!,138891056,11/25/17,2,0,,
Food and Drink,Sugarfina,Holiday season is here! Sugarfina is offering 2 free samples with any order! No promo code or coupon needed! (valid 11/7-12/31),138861338,11/25/17,3,0,,
Home Goods,Sur La Table,Save 50% on the Staub Pure Grill Now Only $99.96 + Free Shipping at SurLaTable.com!,138144772,11/25/17,4,0,,
Department Stores,Target.com,A New Day: Available Exclusively at Target!,138172097,11/25/17,3,0,,
Department Stores,Target.com,30% off men's and women's boots. Valid 11/26-11/27,138930772,11/25/17,1,0,,
Apparel,Urban Outfitters,Urban OUtfitters Deep Link,711916,11/25/17,1,0,,
Luxury Advertisers,Kate Spade,black friday sale! enjoy 30% off everything* with code GIVEJOY *exclusions apply. valid 11/21 - 11/26.,138939542,11/24/17,1,0,,
Beauty and Grooming,Kiehl's,Enjoy $20 Off Your Purchase of $65 or More! Enter Code JINGLE at Checkout! Valid 11/10 - 11/30/17!,138902372,11/24/17,2,0,,
Beauty and Grooming,"Sephora.com, Inc.",Receive a Free La Mer The Eye Concentrate Trial Size with Any $45 Purchase! Use Code VITALSURGE!,138891056,11/24/17,1,0,,
Food and Drink,Sugarfina,Black Friday Deal: Buy 3 get 1 Free on all Pre-Set Bento Boxes with Code: BLACKFRIYAY ! Valid 11/25-27 only.,3150508,11/24/17,1,0,,
Department Stores,Target.com,A New Day: Available Exclusively at Target!,138172097,11/24/17,3,0,,
Department Stores,Target.com,30% off men's and women's boots. Valid 11/26-11/27,138930772,11/24/17,2,0,,
Travel Supplies,Tumi US,Free Shipping & Returns at TUMI.com,104986457,11/24/17,1,0,,
Travel Supplies,Tumi US,Black Friday: 40% Off Select Online Exclusives - Valid 11/24.,138903415,11/24/17,1,0,,
Department Stores,Bloomingdale's,"Shop All-Clad at Bloomingdales.com! Premium quality, expertly-crafted kitchenware that lasts a lifetime.",2132795,11/23/17,2,0,,
Luxury Advertisers,Kate Spade,Join Our Mailing List And Get 15% Off Your Next Order!,138069311,11/23/17,2,0,,
Luxury Advertisers,Kate Spade,shop kate spade gifts online + free shipping now!,138069917,11/23/17,7,0,,
Department Stores,NORDSTROM.com,NL_080212,269040,11/23/17,3,0,,
Beauty and Grooming,"Sephora.com, Inc.","Beauty Deals! Limited Time Offers, Everyday Freebies & More at Sephora!",1068212,11/23/17,1,0,,
Home Goods,Sur La Table,Save 50% on the Staub Pure Grill Now Only $99.96 + Free Shipping at SurLaTable.com!,138144772,11/23/17,10,0,,
Department Stores,Target.com,A New Day: Available Exclusively at Target!,138172097,11/23/17,3,0,,
Travel Supplies,Tumi US,Free Shipping & Returns at TUMI.com,104986457,11/23/17,1,0,,
Travel Supplies,Tumi US,Black Friday: 40% Off Select Online Exclusives - Valid 11/24.,138903415,11/23/17,2,0,,
Department Stores,Macys.com,Pick 3 Fragrance Samples with Fragrance Purchase at macys.com!,412762,11/22/17,1,0,,
Travel Supplies,Samsonite,40% Off Entire Order Code: THANKS40,138911878,11/22/17,1,0,,
Home Goods,Sur La Table,Save 50% on the Staub Pure Grill Now Only $99.96 + Free Shipping at SurLaTable.com!,138144772,11/22/17,1,0,,
Travel Supplies,Tumi US,Free Shipping & Returns at TUMI.com,104986457,11/22/17,2,0,,
Department Stores,Macys.com,Pick 3 Fragrance Samples with Fragrance Purchase at macys.com!,412762,11/21/17,1,0,,
Food and Drink,Sugarfina,Holiday season is here! Sugarfina is offering 2 free samples with any order! No promo code or coupon needed! (valid 11/7-12/31),138861338,11/21/17,3,0,,
Luxury Advertisers,Kate Spade,shop kate spade gifts online + free shipping now!,138069917,11/20/17,1,0,,
Beauty and Grooming,Kiehl's,"Free shipping with any $50 purchase, plus select 3 free samples!",23223316,11/20/17,4,0,,
Department Stores,Macys.com,Pick 3 Fragrance Samples with Fragrance Purchase at macys.com!,412762,11/20/17,15,0,,
Department Stores,NORDSTROM.com,NL_080212,269040,11/20/17,2,0,,
Beauty and Grooming,"Sephora.com, Inc.","Beauty Deals! Limited Time Offers, Everyday Freebies & More at Sephora!",1068212,11/20/17,3,0,,
Food and Drink,Sugarfina,Holiday season is here! Sugarfina is offering 2 free samples with any order! No promo code or coupon needed! (valid 11/7-12/31),138861338,11/20/17,7,0,,
Home Goods,Sur La Table,Save 50% on the Staub Pure Grill Now Only $99.96 + Free Shipping at SurLaTable.com!,138144772,11/20/17,4,0,,
Department Stores,Target.com,A New Day: Available Exclusively at Target!,138172097,11/20/17,2,0,,
Apparel,Urban Outfitters,Urban OUtfitters Deep Link,711916,11/20/17,1,0,,
Department Stores,Bloomingdale's,"Shop All-Clad at Bloomingdales.com! Premium quality, expertly-crafted kitchenware that lasts a lifetime.",2132795,11/19/17,1,0,,
Food and Drink,Food52 - Deactivated,Shop Home Goods at Food52,1838926,11/19/17,1,0,,
Luxury Advertisers,Kate Spade,Join Our Mailing List And Get 15% Off Your Next Order!,138069311,11/19/17,1,0,,
Luxury Advertisers,Kate Spade,shop kate spade gifts online + free shipping now!,138069917,11/19/17,5,0,,
Luxury Advertisers,Kate Spade,"kate spade handbags: shop totes, satchels, clutches & more online + free shipping now!",138069910,11/19/17,1,0,,
Department Stores,NORDSTROM.com,NL_080212,269040,11/19/17,3,0,,
Beauty and Grooming,"Sephora.com, Inc.","Beauty Deals! Limited Time Offers, Everyday Freebies & More at Sephora!",1068212,11/19/17,2,0,,
Food and Drink,Sugarfina,Black Friday Deal: Buy 3 get 1 Free on all Pre-Set Bento Boxes with Code: BLACKFRIYAY ! Valid 11/25-27 only.,3150508,11/19/17,1,0,,
Food and Drink,Sugarfina,Holiday season is here! Sugarfina is offering 2 free samples with any order! No promo code or coupon needed! (valid 11/7-12/31),138861338,11/19/17,1,0,,
Home Goods,Sur La Table,Save 50% on the Staub Pure Grill Now Only $99.96 + Free Shipping at SurLaTable.com!,138144772,11/19/17,5,0,,
Department Stores,Target.com,A New Day: Available Exclusively at Target!,138172097,11/19/17,3,0,,
Department Stores,Bloomingdale's,"Shop All-Clad at Bloomingdales.com! Premium quality, expertly-crafted kitchenware that lasts a lifetime.",2132795,11/18/17,1,0,,
Food and Drink,Food52 - Deactivated,Shop Home Goods at Food52,1838926,11/18/17,2,0,,
Luxury Advertisers,Kate Spade,shop kate spade gifts online + free shipping now!,138069917,11/18/17,1,0,,
Department Stores,Lord & Taylor,"Black Friday Sale - Women's Cashmere Starting at $39.99, You Save Over $130. + $20 OFF $175+ with Code BONUS and FREE SHIPPING on All Orders Valid 11/21-11/26.",138903174,11/18/17,1,0,,
Department Stores,Macys.com,Pick 3 Fragrance Samples with Fragrance Purchase at macys.com!,412762,11/18/17,1,0,,
Department Stores,Macys.com,Black Friday Special! Clinique A Little Happiness Set. Shop now at Macys.com! Valid 11/22 through 11/25,138928964,11/18/17,1,0,,
Food and Drink,Sugarfina,Holiday season is here! Sugarfina is offering 2 free samples with any order! No promo code or coupon needed! (valid 11/7-12/31),138861338,11/18/17,2,0,,
Home Goods,Sur La Table,Save 50% on the Staub Pure Grill Now Only $99.96 + Free Shipping at SurLaTable.com!,138144772,11/18/17,6,0,,
Home Goods,Sur La Table,Free Shipping on All Orders of $59 or more with code SHIPFREE at SurLaTable.com!,138865656,11/18/17,1,0,,
Apparel,Urban Outfitters,Urban OUtfitters Deep Link,711916,11/18/17,1,0,,
Luxury Advertisers,Kate Spade,"kate spade handbags: shop totes, satchels, clutches & more online + free shipping now!",138069910,11/17/17,1,0,,
Travel Supplies,Tumi US,Free Shipping & Returns at TUMI.com,104986457,11/17/17,0,1,,
Luxury Advertisers,Kate Spade,"kate spade handbags: shop totes, satchels, clutches & more online + free shipping now!",138069910,11/16/17,1,0,,
Beauty and Grooming,Kiehl's,"Free shipping with any $50 purchase, plus select 3 free samples!",23223316,11/16/17,1,0,,
Beauty and Grooming,"Sephora.com, Inc.","Beauty Deals! Limited Time Offers, Everyday Freebies & More at Sephora!",1068212,11/16/17,1,0,,
Food and Drink,Sugarfina,Holiday season is here! Sugarfina is offering 2 free samples with any order! No promo code or coupon needed! (valid 11/7-12/31),138861338,11/16/17,2,0,,
Department Stores,Target.com,A New Day: Available Exclusively at Target!,138172097,11/16/17,2,0,,
Travel Supplies,Tumi US,Free Shipping & Returns at TUMI.com,104986457,11/16/17,2,0,,
Luxury Advertisers,Kate Spade,shop kate spade gifts online + free shipping now!,138069917,11/15/17,2,0,,
Department Stores,Macys.com,Pick 3 Fragrance Samples with Fragrance Purchase at macys.com!,412762,11/15/17,1,0,,
Department Stores,NORDSTROM.com,NL_080212,269040,11/15/17,2,0,,
Beauty and Grooming,"Sephora.com, Inc.","Beauty Deals! Limited Time Offers, Everyday Freebies & More at Sephora!",1068212,11/15/17,2,0,,
Food and Drink,Sugarfina,Holiday season is here! Sugarfina is offering 2 free samples with any order! No promo code or coupon needed! (valid 11/7-12/31),138861338,11/15/17,7,0,,
Home Goods,Sur La Table,Save 50% on the Staub Pure Grill Now Only $99.96 + Free Shipping at SurLaTable.com!,138144772,11/15/17,3,0,,
Department Stores,Target.com,A New Day: Available Exclusively at Target!,138172097,11/15/17,1,0,,
Apparel,Urban Outfitters,Urban OUtfitters Deep Link,711916,11/15/17,2,0,,
Luxury Advertisers,Kate Spade,shop kate spade gifts online + free shipping now!,138069917,11/14/17,22,0,,
Luxury Advertisers,Kate Spade,"kate spade handbags: shop totes, satchels, clutches & more online + free shipping now!",138069910,11/14/17,1,0,,
Luxury Advertisers,Kate Spade,Join Our Mailing List And Get 15% Off Your Next Order!,138069311,11/14/17,7,0,,
Luxury Advertisers,Kate Spade,shop kate spade gifts online + free shipping now!,138069917,11/12/17,7,0,,
Luxury Advertisers,Kate Spade,Join Our Mailing List And Get 15% Off Your Next Order!,138069311,11/12/17,2,0,,
Apparel,Urban Outfitters,Urban OUtfitters Deep Link,711916,11/12/17,1,0,,
Department Stores,Saks Fifth Avenue,THE DESIGNER SALE! Vast designer selections for women and men up to 40% OFF* Shop NOW!,2155206,4/29/17,2,0,,
Department Stores,Saks Fifth Avenue,THE DESIGNER SALE! Vast designer selections for women and men up to 40% OFF* Shop NOW!,2155206,4/24/17,1,0,,
Department Stores,Saks Fifth Avenue,THE DESIGNER SALE! Vast designer selections for women and men up to 40% OFF* Shop NOW!,2155206,4/20/17,1,0,,
Department Stores,Saks Fifth Avenue,THE DESIGNER SALE! Vast designer selections for women and men up to 40% OFF* Shop NOW!,2155206,2/24/17,1,0,,
Department Stores,Saks Fifth Avenue,THE DESIGNER SALE! Vast designer selections for women and men up to 40% OFF* Shop NOW!,2155206,2/13/17,1,0,,
Department Stores,Saks Fifth Avenue,THE DESIGNER SALE! Vast designer selections for women and men up to 40% OFF* Shop NOW!,2155206,2/2/17,1,0,,
Department Stores,Saks Fifth Avenue,THE DESIGNER SALE! Vast designer selections for women and men up to 40% OFF* Shop NOW!,2155206,1/30/17,1,0,,
Department Stores,Saks Fifth Avenue,THE DESIGNER SALE! Vast designer selections for women and men up to 40% OFF* Shop NOW!,2155206,1/15/17,1,0,,
Luxury Advertisers,Kate Spade,shop kate spade gifts online + free shipping now!,138069917,6/12/18,2,0,,
Home Goods,Sur La Table,Save 50% on the Staub Pure Grill Now Only $99.96 + Free Shipping at SurLaTable.com!,138144772,6/12/18,7,0,,
Department Stores,Target.com,A New Day: Available Exclusively at Target!,138172097,6/12/18,4,0,,
Department Stores,Target.com,One Pieces starting at $29.99 - Evergreen through June.,139581124,6/12/18,3,0,,
Food and Drink,Sugarfina,Logo 234x60,1846601,6/10/18,0,1,,
Food and Drink,Sugarfina,Logo 234x60,1846601,6/9/18,2,0,,
Luxury Advertisers,Kate Spade,shop all new arrivals from kate spade new york! plus enjoy free shipping and returns every day.,138069909,6/8/18,1,0,,
Luxury Advertisers,Kate Spade,shop kate spade gifts online + free shipping now!,138069917,6/8/18,1,0,,
Department Stores,Bloomingdale's,"Shop All-Clad at Bloomingdales.com! Premium quality, expertly-crafted kitchenware that lasts a lifetime.",2132795,6/7/18,2,0,,
Food and Drink,Drizly,DRIZLYFIVE,1620447,6/7/18,1,0,,
Department Stores,Target.com,A New Day: Available Exclusively at Target!,138172097,6/7/18,1,0,,
Department Stores,Bloomingdale's,"Shop All-Clad at Bloomingdales.com! Premium quality, expertly-crafted kitchenware that lasts a lifetime.",2132795,6/6/18,1,0,,
Department Stores,Bloomingdale's,"Shop All-Clad at Bloomingdales.com! Premium quality, expertly-crafted kitchenware that lasts a lifetime.",2132795,6/3/18,2,0,,
Department Stores,Bloomingdale's,"Shop All-Clad at Bloomingdales.com! Premium quality, expertly-crafted kitchenware that lasts a lifetime.",2132795,6/2/18,1,0,,
Department Stores,Bloomingdale's,"Shop All-Clad at Bloomingdales.com! Premium quality, expertly-crafted kitchenware that lasts a lifetime.",2132795,6/1/18,1,0,,
Department Stores,NORDSTROM.com,"Shop Nordstrom for the latest arrivals from Vince. FREE shipping, pick up in store and more.",139836204,6/1/18,2,0,,
Department Stores,Bloomingdale's,"Shop All-Clad at Bloomingdales.com! Premium quality, expertly-crafted kitchenware that lasts a lifetime.",2132795,5/29/18,1,0,,
Food and Drink,Drizly,DRIZLYFIVE,1620447,5/29/18,1,0,,
Department Stores,NORDSTROM.com,NL_080212,269040,5/29/18,2,0,,
Beauty and Grooming,"Sephora.com, Inc.","Beauty Deals! Limited Time Offers, Everyday Freebies & More at Sephora!",1068212,5/29/18,1,0,,
Food and Drink,Sugarfina,Logo 234x60,1846601,5/29/18,1,0,,
Home Goods,Sur La Table,Save 50% on the Staub Pure Grill Now Only $99.96 + Free Shipping at SurLaTable.com!,138144772,5/29/18,2,0,,
Sporting & Outdoors Equipment,Backcountry.com,Backcountry Outlet,3360607,5/26/18,1,0,,
Luxury Advertisers,Barneys New York,NL_070717,138141144,5/26/18,1,0,,
Beauty and Grooming,Birchbox,Get the new $10 BirchboxMan Monthly Subscription!,138144099,5/26/18,3,0,,
Department Stores,Bloomingdale's,"Shop All-Clad at Bloomingdales.com! Premium quality, expertly-crafted kitchenware that lasts a lifetime.",2132795,5/26/18,29,0,,
Home Goods,Boll & Branch,Soak up the sun in pure organic cotton with beach towels from Boll & Branch. ,138269251,5/26/18,2,0,,
Food and Drink,Dean and DeLuca,Crostinis and Toasts Collection specially priced at 46.50 ($59.00 Value) at Dean & DeLuca. Shop Now!,23225932,5/26/18,1,0,,
Food and Drink,Drizly,DRIZLYFIVE,1620447,5/26/18,2,0,,
Food and Drink,goop - DEACTIVATED,General 125x125,127236578,5/26/18,3,0,,
Babies and Kids,Hanna Andersson,Hanna Andersson's family pajamas become part of holiday celebrations year after year. Shop new & returning collections and make this year's memories more special than ever. Valid 9/26- until supplies last.,2867606,5/26/18,4,0,,
Apparel,John Varvatos,Deep Linking,2033864,5/26/18,1,0,,
Luxury Advertisers,Kate Spade,shop kate spade gifts online + free shipping now!,138069917,5/26/18,24,0,,
Luxury Advertisers,Kate Spade,"Kate Spade Shoes: Shop Heels, Flats, Sneakers, Sandles And Wedges Online Plus Free Shipping Now!",138069315,5/26/18,1,0,,
Luxury Advertisers,Kate Spade,Join Our Mailing List And Get 15% Off Your Next Order!,138069311,5/26/18,10,0,,
Luxury Advertisers,Kate Spade,Shop All New Arrivals From Kate Spade New York! Plus Enjoy Free Shipping And Returns Every Day!,138069312,5/26/18,1,0,,
Luxury Advertisers,Kate Spade,shop all new arrivals from kate spade new york! plus enjoy free shipping and returns every day.,138069909,5/26/18,14,0,,
Luxury Advertisers,Kate Spade,"kate spade handbags: shop totes, satchels, clutches & more online + free shipping now!",138069910,5/26/18,2,0,,
Beauty and Grooming,Kiehl's,"Free shipping with any $50 purchase, plus select 3 free samples!",138816686,5/26/18,1,0,,
Department Stores,Macys.com,Pick 3 Fragrance Samples with Fragrance Purchase at macys.com!,412762,5/26/18,1,0,,
Electronics Accessories,NOMAD Goods,Rugged Leather Case for iPhone X,138248534,5/26/18,1,0,,
Department Stores,NORDSTROM.com,NL_080212,269040,5/26/18,25,0,,
Department Stores,Saks Fifth Avenue,"Free Shipping. Every Day, Every Order!",957981,5/26/18,10,0,,
Beauty and Grooming,"Sephora.com, Inc.","Beauty Deals! Limited Time Offers, Everyday Freebies & More at Sephora!",1068212,5/26/18,12,0,,
Food and Drink,Sugarfina,Logo 234x60,1846601,5/26/18,17,0,,
Food and Drink,Sugarfina,SF 120x240_2,1846628,5/26/18,1,0,,
Food and Drink,Sugarfina,Shop Sugarfina - A Luxury Candy Boutique,1846598,5/26/18,1,0,,
Food and Drink,Sugarfina,"This MotherÔøΩs Day, design your own Candy Flower Bouquet and pick any 8 Candy Flowers for only $35! No code needed! (valid 4/2 - 5/14)",139657278,5/26/18,1,0,,
Home Goods,Sur La Table,Save 50% on the Staub Pure Grill Now Only $99.96 + Free Shipping at SurLaTable.com!,138144772,5/26/18,19,0,,
Home Goods,Sur La Table,Online Cooking Classes! Enjoy Our Award Winning Cooking Classes Now Available Online Starting at $29.95 only at SurLaTable.com!,138144127,5/26/18,1,0,,
Department Stores,Target.com,A New Day: Available Exclusively at Target!,138172097,5/26/18,4,0,,
Department Stores,Target.com,One Pieces starting at $29.99 - Evergreen through June.,139581124,5/26/18,1,0,,
Travel Supplies,Tumi US,Free Shipping & Returns at TUMI.com,104986457,5/26/18,3,0,,
Sweden,Urbanears,<link> Plattan 2 THE PERFECT CLASSIC HEADPHONE </link> (320x50),3363479,5/26/18,2,0,,
Food and Drink,Sugarfina,Logo 234x60,1846601,5/25/18,1,0,,
Food and Drink,goop - DEACTIVATED,Home 300x250,127236587,5/23/18,1,0,,
Department Stores,Target.com,One Pieces starting at $29.99 - Evergreen through June.,139581124,5/23/18,1,0,,
Department Stores,Bloomingdale's,"Shop All-Clad at Bloomingdales.com! Premium quality, expertly-crafted kitchenware that lasts a lifetime.",2132795,5/22/18,1,0,,
Department Stores,NORDSTROM.com,NL_080212,269040,5/22/18,1,0,,
Food and Drink,Sugarfina,Logo 234x60,1846601,5/22/18,1,0,,
Department Stores,Bloomingdale's,"Shop All-Clad at Bloomingdales.com! Premium quality, expertly-crafted kitchenware that lasts a lifetime.",2132795,5/21/18,1,0,,
Department Stores,NORDSTROM.com,NL_080212,269040,5/21/18,1,0,,
Food and Drink,Sugarfina,"This MotherÔøΩs Day, design your own Candy Flower Bouquet and pick any 8 Candy Flowers for only $35! No code needed! (valid 4/2 - 5/14)",139657278,5/21/18,7,0,,
Home Goods,Sur La Table,Save 50% on the Staub Pure Grill Now Only $99.96 + Free Shipping at SurLaTable.com!,138144772,5/21/18,1,0,,
Department Stores,Saks Fifth Avenue,"Free Shipping. Every Day, Every Order!",957981,5/18/18,1,0,,
Luxury Advertisers,Kate Spade,shop all new arrivals from kate spade new york! plus enjoy free shipping and returns every day.,138069909,5/17/18,1,0,,
Department Stores,Bloomingdale's,"Shop All-Clad at Bloomingdales.com! Premium quality, expertly-crafted kitchenware that lasts a lifetime.",2132795,5/16/18,2,0,,
Food and Drink,Sugarfina,"This MotherÔøΩs Day, design your own Candy Flower Bouquet and pick any 8 Candy Flowers for only $35! No code needed! (valid 4/2 - 5/14)",139657278,5/15/18,1,0,,
Home Goods,Sur La Table,Save 50% on the Staub Pure Grill Now Only $99.96 + Free Shipping at SurLaTable.com!,138144772,5/15/18,1,0,,
Department Stores,Bloomingdale's,"Shop All-Clad at Bloomingdales.com! Premium quality, expertly-crafted kitchenware that lasts a lifetime.",2132795,5/14/18,1,0,,
Luxury Advertisers,Kate Spade,shop kate spade gifts online + free shipping now!,138069917,5/14/18,2,0,,
Department Stores,Bloomingdale's,"Shop All-Clad at Bloomingdales.com! Premium quality, expertly-crafted kitchenware that lasts a lifetime.",2132795,5/13/18,2,0,,
Food and Drink,Drizly,DRIZLYFIVE,1620447,5/13/18,1,0,,
Luxury Advertisers,Kate Spade,shop all new arrivals from kate spade new york! plus enjoy free shipping and returns every day.,138069909,5/13/18,1,0,,
Beauty and Grooming,Kiehl's,"Free shipping with any $50 purchase, plus select 3 free samples!",23223316,5/13/18,1,0,,
Department Stores,NORDSTROM.com,NL_080212,269040,5/13/18,3,0,,
Beauty and Grooming,"Sephora.com, Inc.","Beauty Deals! Limited Time Offers, Everyday Freebies & More at Sephora!",1068212,5/13/18,2,0,,
Food and Drink,Sugarfina,Logo 234x60,1846601,5/13/18,2,0,,
Home Goods,Sur La Table,Save 50% on the Staub Pure Grill Now Only $99.96 + Free Shipping at SurLaTable.com!,138144772,5/13/18,3,0,,
Department Stores,Target.com,A New Day: Available Exclusively at Target!,138172097,5/13/18,1,0,,
Apparel,Urban Outfitters,Urban OUtfitters Deep Link,711916,5/13/18,1,0,,
Department Stores,Bloomingdale's,"Shop All-Clad at Bloomingdales.com! Premium quality, expertly-crafted kitchenware that lasts a lifetime.",2132795,5/12/18,9,0,,
Food and Drink,Dean and DeLuca,Crostinis and Toasts Collection specially priced at 46.50 ($59.00 Value) at Dean & DeLuca. Shop Now!,23225932,5/12/18,1,0,,
Food and Drink,Drizly,DRIZLYFIVE,1620447,5/12/18,1,0,,
Food and Drink,goop - DEACTIVATED,Home 300x250,127236587,5/12/18,1,0,,
Luxury Advertisers,Kate Spade,shop kate spade gifts online + free shipping now!,138069917,5/12/18,9,0,,
Luxury Advertisers,Kate Spade,Join Our Mailing List And Get 15% Off Your Next Order!,138069311,5/12/18,3,0,,
Luxury Advertisers,Kate Spade,Shop All New Arrivals From Kate Spade New York! Plus Enjoy Free Shipping And Returns Every Day!,138069312,5/12/18,1,0,,
Luxury Advertisers,Kate Spade,shop all new arrivals from kate spade new york! plus enjoy free shipping and returns every day.,138069909,5/12/18,3,0,,
Luxury Advertisers,Kate Spade,black friday sale! enjoy 30% off everything* with code GIVEJOY *exclusions apply. valid 11/21 - 11/26.,138939542,5/12/18,1,0,,
Beauty and Grooming,Kiehl's,"Free shipping with any $50 purchase, plus select 3 free samples!",23223316,5/12/18,1,0,,
Beauty and Grooming,Kiehl's,"Free shipping with any $50 purchase, plus select 3 free samples!",138816686,5/12/18,1,0,,
Beauty and Grooming,Kiehl's,Enjoy $20 Off Your Purchase of $65 or More! Enter Code JINGLE at Checkout! Valid 11/10 - 11/30/17!,138902372,5/12/18,1,0,,
Beauty and Grooming,Laura Mercier,"Free Ground Shipping & Free Returns, plus 2 deluxe samples with every $50 purchase.",8368711,5/12/18,1,0,,
Department Stores,Lord & Taylor,"Black Friday Sale - Women's Cashmere Starting at $39.99, You Save Over $130. + $20 OFF $175+ with Code BONUS and FREE SHIPPING on All Orders Valid 11/21-11/26.",138903174,5/12/18,1,0,,
Department Stores,Macys.com,Pick 3 Fragrance Samples with Fragrance Purchase at macys.com!,412762,5/12/18,1,0,,
Department Stores,NORDSTROM.com,NL_080212,269040,5/12/18,5,0,,
Department Stores,NORDSTROM.com,Shop NORDSTROM for the best Black Friday Deals + Save an extra 20% on select sale items. FREE Shipping. FREE Returns.,138929952,5/12/18,1,0,,
Department Stores,Saks Fifth Avenue,"Free Shipping. Every Day, Every Order!",957981,5/12/18,4,0,,
Department Stores,Saks Fifth Avenue,Thanksgiving_50Sale_300x600,138938048,5/12/18,1,0,,
Travel Supplies,Samsonite,40% Off Entire Order Code: THANKS40,138911878,5/12/18,1,0,,
Beauty and Grooming,"Sephora.com, Inc.","Beauty Deals! Limited Time Offers, Everyday Freebies & More at Sephora!",1068212,5/12/18,7,0,,
Beauty and Grooming,"Sephora.com, Inc.",Receive a Free La Mer The Eye Concentrate Trial Size with Any $45 Purchase! Use Code VITALSURGE!,138891056,5/12/18,1,0,,
Food and Drink,Sugarfina,Logo 120x90,1846604,5/12/18,1,0,,
Food and Drink,Sugarfina,Logo 234x60,1846601,5/12/18,2,0,,
Food and Drink,Sugarfina,Make Every Day Extra Sweet with Sugarfina's Best-Selling Treats,1846596,5/12/18,1,0,,
Food and Drink,Sugarfina,Shop Sugarfina - A Luxury Candy Boutique,1846598,5/12/18,1,0,,
Accessories and Handbags,Sunglass Hut,Sunglass Hut,394406,5/12/18,1,0,,
Home Goods,Sur La Table,Save 50% on the Staub Pure Grill Now Only $99.96 + Free Shipping at SurLaTable.com!,138144772,5/12/18,10,0,,
Home Goods,Sur La Table,Online Cooking Classes! Enjoy Our Award Winning Cooking Classes Now Available Online Starting at $29.95 only at SurLaTable.com!,138144127,5/12/18,1,0,,
Home Goods,Sur La Table,Free Shipping on All Orders of $59 or more with code SHIPFREE at SurLaTable.com!,138865656,5/12/18,1,0,,
Department Stores,Target.com,A New Day: Available Exclusively at Target!,138172097,5/12/18,3,0,,
Department Stores,Target.com,30% off men's and women's boots. Valid 11/26-11/27,138930772,5/12/18,1,0,,
Travel Supplies,Tumi US,Free Shipping & Returns at TUMI.com,104986457,5/12/18,1,0,,
Travel Supplies,Tumi US,Black Friday: 40% Off Select Online Exclusives - Valid 11/24.,138903415,5/12/18,1,0,,
Apparel,Urban Outfitters,Urban OUtfitters Deep Link,711916,5/12/18,4,0,,
Department Stores,Bloomingdale's,"Shop All-Clad at Bloomingdales.com! Premium quality, expertly-crafted kitchenware that lasts a lifetime.",2132795,5/11/18,4,0,,
Luxury Advertisers,Kate Spade,Join Our Mailing List And Get 15% Off Your Next Order!,138069311,5/11/18,1,0,,
Luxury Advertisers,Kate Spade,shop all new arrivals from kate spade new york! plus enjoy free shipping and returns every day.,138069909,5/11/18,1,0,,
Luxury Advertisers,Kate Spade,"kate spade handbags: shop totes, satchels, clutches & more online + free shipping now!",138069910,5/11/18,1,0,,
Department Stores,NORDSTROM.com,NL_080212,269040,5/11/18,2,0,,
Beauty and Grooming,"Sephora.com, Inc.","Beauty Deals! Limited Time Offers, Everyday Freebies & More at Sephora!",1068212,5/11/18,2,0,,
Food and Drink,Sugarfina,Make Every Day Extra Sweet with Sugarfina's Best-Selling Treats,1846596,5/11/18,1,0,,
Food and Drink,Sugarfina,"This MotherÔøΩs Day, design your own Candy Flower Bouquet and pick any 8 Candy Flowers for only $35! No code needed! (valid 4/2 - 5/14)",139657278,5/11/18,1,0,,
Department Stores,Target.com,A New Day: Available Exclusively at Target!,138172097,5/11/18,1,0,,
Department Stores,Bloomingdale's,"Shop All-Clad at Bloomingdales.com! Premium quality, expertly-crafted kitchenware that lasts a lifetime.",2132795,5/10/18,1,0,,
Department Stores,Target.com,One Pieces starting at $29.99 - Evergreen through June.,139581124,5/10/18,1,0,,
Department Stores,Target.com,One Pieces starting at $29.99 - Evergreen through June.,139581124,5/7/18,1,0,,
Department Stores,Target.com,One Pieces starting at $29.99 - Evergreen through June.,139581124,5/5/18,1,0,,
Department Stores,NORDSTROM.com,NL_080212,269040,5/4/18,0,1,,
Department Stores,NORDSTROM.com,NL_080212,269040,5/3/18,0,0,,
Department Stores,Bloomingdale's,"Shop All-Clad at Bloomingdales.com! Premium quality, expertly-crafted kitchenware that lasts a lifetime.",2132795,5/2/18,1,0,,
Luxury Advertisers,Kate Spade,shop all new arrivals from kate spade new york! plus enjoy free shipping and returns every day.,138069909,5/2/18,1,0,,
Department Stores,NORDSTROM.com,NL_080212,269040,5/2/18,1,0,,
Beauty and Grooming,"Sephora.com, Inc.","Beauty Deals! Limited Time Offers, Everyday Freebies & More at Sephora!",1068212,5/2/18,1,0,,
Department Stores,Bloomingdale's,"Shop All-Clad at Bloomingdales.com! Premium quality, expertly-crafted kitchenware that lasts a lifetime.",2132795,5/1/18,1,0,,
Luxury Advertisers,Kate Spade,shop all new arrivals from kate spade new york! plus enjoy free shipping and returns every day.,138069909,5/1/18,1,0,,
Department Stores,NORDSTROM.com,NL_080212,269040,5/1/18,1,0,,
Beauty and Grooming,"Sephora.com, Inc.","Beauty Deals! Limited Time Offers, Everyday Freebies & More at Sephora!",1068212,5/1/18,7,0,,
Department Stores,Bloomingdale's,"Shop All-Clad at Bloomingdales.com! Premium quality, expertly-crafted kitchenware that lasts a lifetime.",2132795,4/30/18,2,0,,
Luxury Advertisers,Kate Spade,shop all new arrivals from kate spade new york! plus enjoy free shipping and returns every day.,138069909,4/30/18,1,0,,
Luxury Advertisers,Kate Spade,Join Our Mailing List And Get 15% Off Your Next Order!,138069311,4/30/18,1,0,,
Luxury Advertisers,Kate Spade,shop kate spade gifts online + free shipping now!,138069917,4/30/18,2,0,,
Department Stores,NORDSTROM.com,NL_080212,269040,4/30/18,1,0,,
Food and Drink,Sugarfina,"This MotherÔøΩs Day, design your own Candy Flower Bouquet and pick any 8 Candy Flowers for only $35! No code needed! (valid 4/2 - 5/14)",139657278,4/30/18,1,0,,
Home Goods,Sur La Table,Save 50% on the Staub Pure Grill Now Only $99.96 + Free Shipping at SurLaTable.com!,138144772,4/30/18,2,0,,
Department Stores,Target.com,A New Day: Available Exclusively at Target!,138172097,4/30/18,1,0,,
Travel Supplies,Tumi US,Free Shipping & Returns at TUMI.com,104986457,4/30/18,1,0,,
Beauty and Grooming,"Sephora.com, Inc.","Beauty Deals! Limited Time Offers, Everyday Freebies & More at Sephora!",1068212,4/29/18,1,0,,
Luxury Advertisers,Kate Spade,shop kate spade gifts online + free shipping now!,138069917,4/28/18,1,0,,
Department Stores,NORDSTROM.com,NL_080212,269040,4/28/18,5,0,,
Food and Drink,Sugarfina,Make Every Day Extra Sweet with Sugarfina's Best-Selling Treats,1846596,4/28/18,1,0,,
Department Stores,Target.com,A New Day: Available Exclusively at Target!,138172097,4/28/18,1,0,,
Department Stores,Bloomingdale's,"Shop All-Clad at Bloomingdales.com! Premium quality, expertly-crafted kitchenware that lasts a lifetime.",2132795,4/27/18,1,0,,
Food and Drink,Sugarfina,Logo 234x60,1846601,4/27/18,3,0,,
Food and Drink,Sugarfina,Logo 234x60,1846601,4/26/18,3,0,,
Home Goods,Sur La Table,Save 50% on the Staub Pure Grill Now Only $99.96 + Free Shipping at SurLaTable.com!,138144772,4/25/18,1,0,,
Department Stores,NORDSTROM.com,NL_080212,269040,4/24/18,1,0,,
Department Stores,Bloomingdale's,"Shop All-Clad at Bloomingdales.com! Premium quality, expertly-crafted kitchenware that lasts a lifetime.",2132795,4/21/18,2,0,,
Department Stores,NORDSTROM.com,NL_080212,269040,4/21/18,2,0,,
Beauty and Grooming,Birchbox,Get the new $10 BirchboxMan Monthly Subscription!,138144099,4/20/18,1,0,,
Department Stores,Bloomingdale's,"Shop All-Clad at Bloomingdales.com! Premium quality, expertly-crafted kitchenware that lasts a lifetime.",2132795,4/20/18,2,0,,
Home Goods,Boll & Branch,Soak up the sun in pure organic cotton with beach towels from Boll & Branch. ,138269251,4/20/18,1,0,,
Luxury Advertisers,Kate Spade,shop all new arrivals from kate spade new york! plus enjoy free shipping and returns every day.,138069909,4/20/18,3,0,,
Luxury Advertisers,Kate Spade,shop kate spade gifts online + free shipping now!,138069917,4/20/18,3,0,,
Beauty and Grooming,Kiehl's,"Free shipping with any $50 purchase, plus select 3 free samples!",138816686,4/20/18,1,0,,
Department Stores,NORDSTROM.com,NL_080212,269040,4/20/18,1,0,,
Beauty and Grooming,"Sephora.com, Inc.","Beauty Deals! Limited Time Offers, Everyday Freebies & More at Sephora!",1068212,4/20/18,3,0,,
Home Goods,Sur La Table,Save 50% on the Staub Pure Grill Now Only $99.96 + Free Shipping at SurLaTable.com!,138144772,4/18/18,2,0,,
Sporting & Outdoors Equipment,Backcountry.com,Backcountry Outlet,3360607,4/17/18,1,0,,
Department Stores,Bloomingdale's,"Shop All-Clad at Bloomingdales.com! Premium quality, expertly-crafted kitchenware that lasts a lifetime.",2132795,4/17/18,26,0,,
Home Goods,Boll & Branch,Soak up the sun in pure organic cotton with beach towels from Boll & Branch. ,138269251,4/17/18,6,0,,
Food and Drink,Drizly,DRIZLYFIVE,1620447,4/17/18,1,0,,
Food and Drink,goop - DEACTIVATED,General 125x125,127236578,4/17/18,5,0,,
Apparel,John Varvatos,Deep Linking,2033864,4/17/18,1,0,,
Luxury Advertisers,Kate Spade,Join Our Mailing List And Get 15% Off Your Next Order!,138069311,4/17/18,9,0,,
Luxury Advertisers,Kate Spade,"Kate Spade Shoes: Shop Heels, Flats, Sneakers, Sandles And Wedges Online Plus Free Shipping Now!",138069315,4/17/18,3,0,,
Luxury Advertisers,Kate Spade,shop all new arrivals from kate spade new york! plus enjoy free shipping and returns every day.,138069909,4/17/18,12,0,,
Luxury Advertisers,Kate Spade,shop kate spade gifts online + free shipping now!,138069917,4/17/18,22,0,,
Beauty and Grooming,Kiehl's,"Free shipping with any $50 purchase, plus select 3 free samples!",138816686,4/17/18,3,0,,
Electronics Accessories,NOMAD Goods,Rugged Leather Case for iPhone X,138248534,4/17/18,1,0,,
Department Stores,NORDSTROM.com,NL_080212,269040,4/17/18,24,0,,
Department Stores,Saks Fifth Avenue,"Free Shipping. Every Day, Every Order!",957981,4/17/18,16,0,,
Beauty and Grooming,"Sephora.com, Inc.","Beauty Deals! Limited Time Offers, Everyday Freebies & More at Sephora!",1068212,4/17/18,7,0,,
Food and Drink,Sugarfina,Logo 234x60,1846601,4/17/18,18,0,,
Home Goods,Sur La Table,Online Cooking Classes! Enjoy Our Award Winning Cooking Classes Now Available Online Starting at $29.95 only at SurLaTable.com!,138144127,4/17/18,1,0,,
Home Goods,Sur La Table,Save 50% on the Staub Pure Grill Now Only $99.96 + Free Shipping at SurLaTable.com!,138144772,4/17/18,18,0,,
Department Stores,Target.com,A New Day: Available Exclusively at Target!,138172097,4/17/18,4,0,,
Department Stores,Target.com,One Pieces starting at $29.99 - Evergreen through June.,139581124,4/17/18,1,0,,
Travel Supplies,Tumi US,Free Shipping & Returns at TUMI.com,104986457,4/17/18,1,0,,
Apparel,Urban Outfitters,Urban OUtfitters Deep Link,711916,4/17/18,1,0,,
Sweden,Urbanears,<link> Plattan 2 THE PERFECT CLASSIC HEADPHONE </link> (320x50),3363479,4/17/18,3,0,,
Department Stores,Bloomingdale's,"Shop All-Clad at Bloomingdales.com! Premium quality, expertly-crafted kitchenware that lasts a lifetime.",2132795,4/16/18,38,0,,
Food and Drink,Dean and DeLuca,Crostinis and Toasts Collection specially priced at 46.50 ($59.00 Value) at Dean & DeLuca. Shop Now!,23225932,4/16/18,2,0,,
Food and Drink,Drizly,DRIZLYFIVE,1620447,4/16/18,4,0,,
Babies and Kids,Hanna Andersson,Hanna Andersson's family pajamas become part of holiday celebrations year after year. Shop new & returning collections and make this year's memories more special than ever. Valid 9/26- until supplies last.,2867606,4/16/18,16,0,,
Luxury Advertisers,Kate Spade,Join Our Mailing List And Get 15% Off Your Next Order!,138069311,4/16/18,8,0,,
Luxury Advertisers,Kate Spade,"kate spade handbags: shop totes, satchels, clutches & more online + free shipping now!",138069910,4/16/18,8,0,,
Luxury Advertisers,Kate Spade,shop all new arrivals from kate spade new york! plus enjoy free shipping and returns every day.,138069909,4/16/18,18,0,,
Luxury Advertisers,Kate Spade,Shop All New Arrivals From Kate Spade New York! Plus Enjoy Free Shipping And Returns Every Day!,138069312,4/16/18,2,0,,
Luxury Advertisers,Kate Spade,shop kate spade gifts online + free shipping now!,138069917,4/16/18,32,0,,
Department Stores,NORDSTROM.com,NL_080212,269040,4/16/18,24,0,,
Department Stores,Saks Fifth Avenue,"Free Shipping. Every Day, Every Order!",957981,4/16/18,4,0,,
Beauty and Grooming,"Sephora.com, Inc.","Beauty Deals! Limited Time Offers, Everyday Freebies & More at Sephora!",1068212,4/16/18,7,0,,
Food and Drink,Sugarfina,Shop Sugarfina - A Luxury Candy Boutique,1846598,4/16/18,2,0,,
Food and Drink,Sugarfina,Logo 234x60,1846601,4/16/18,20,0,,
Home Goods,Sur La Table,Save 50% on the Staub Pure Grill Now Only $99.96 + Free Shipping at SurLaTable.com!,138144772,4/16/18,20,0,,
Department Stores,Target.com,A New Day: Available Exclusively at Target!,138172097,4/16/18,6,0,,
Travel Supplies,Tumi US,Free Shipping & Returns at TUMI.com,104986457,4/16/18,4,0,,
Sweden,Urbanears,<link> Plattan 2 THE PERFECT CLASSIC HEADPHONE </link> (320x50),3363479,4/16/18,4,0,,
Beauty and Grooming,Birchbox,Get the new $10 BirchboxMan Monthly Subscription!,138144099,4/15/18,2,0,,
Department Stores,Bloomingdale's,"Shop All-Clad at Bloomingdales.com! Premium quality, expertly-crafted kitchenware that lasts a lifetime.",2132795,4/15/18,4,0,,
Food and Drink,Drizly,DRIZLYFIVE,1620447,4/15/18,4,0,,
Luxury Advertisers,Kate Spade,shop kate spade gifts online + free shipping now!,138069917,4/15/18,1,0,,
Department Stores,Macys.com,Pick 3 Fragrance Samples with Fragrance Purchase at macys.com!,412762,4/15/18,1,0,,
Department Stores,NORDSTROM.com,NL_080212,269040,4/15/18,6,0,,
Beauty and Grooming,"Sephora.com, Inc.","Beauty Deals! Limited Time Offers, Everyday Freebies & More at Sephora!",1068212,4/15/18,8,0,,
Food and Drink,Sugarfina,Logo 234x60,1846601,4/15/18,1,0,,
Home Goods,Sur La Table,Save 50% on the Staub Pure Grill Now Only $99.96 + Free Shipping at SurLaTable.com!,138144772,4/15/18,2,0,,
Department Stores,Target.com,A New Day: Available Exclusively at Target!,138172097,4/15/18,2,0,,
Department Stores,Target.com,One Pieces starting at $29.99 - Evergreen through June.,139581124,4/15/18,1,0,,
Apparel,Urban Outfitters,Urban OUtfitters Deep Link,711916,4/15/18,1,0,,
Luxury Advertisers,Kate Spade,shop all new arrivals from kate spade new york! plus enjoy free shipping and returns every day.,138069909,4/13/18,1,0,,
Luxury Advertisers,Kate Spade,shop all new arrivals from kate spade new york! plus enjoy free shipping and returns every day.,138069909,4/12/18,4,0,,
Luxury Advertisers,Kate Spade,black friday sale! enjoy 30% off everything* with code GIVEJOY *exclusions apply. valid 11/21 - 11/26.,138939542,4/12/18,1,0,,
Beauty and Grooming,Kiehl's,Enjoy $20 Off Your Purchase of $65 or More! Enter Code JINGLE at Checkout! Valid 11/10 - 11/30/17!,138902372,4/12/18,1,0,,
Department Stores,Lord & Taylor,"Black Friday Sale - Women's Cashmere Starting at $39.99, You Save Over $130. + $20 OFF $175+ with Code BONUS and FREE SHIPPING on All Orders Valid 11/21-11/26.",138903174,4/12/18,1,0,,
Department Stores,NORDSTROM.com,Shop NORDSTROM for the best Black Friday Deals + Save an extra 20% on select sale items. FREE Shipping. FREE Returns.,138929952,4/12/18,1,0,,
Department Stores,Saks Fifth Avenue,Thanksgiving_50Sale_300x600,138938048,4/12/18,1,0,,
Travel Supplies,Samsonite,40% Off Entire Order Code: THANKS40,138911878,4/12/18,1,0,,
Beauty and Grooming,"Sephora.com, Inc.",Receive a Free La Mer The Eye Concentrate Trial Size with Any $45 Purchase! Use Code VITALSURGE!,138891056,4/12/18,1,0,,
Home Goods,Sur La Table,Free Shipping on All Orders of $59 or more with code SHIPFREE at SurLaTable.com!,138865656,4/12/18,1,0,,
Department Stores,Target.com,30% off men's and women's boots. Valid 11/26-11/27,138930772,4/12/18,1,0,,
Travel Supplies,Tumi US,Black Friday: 40% Off Select Online Exclusives - Valid 11/24.,138903415,4/12/18,1,0,,
Department Stores,Bloomingdale's,"Shop All-Clad at Bloomingdales.com! Premium quality, expertly-crafted kitchenware that lasts a lifetime.",2132795,4/11/18,6,0,,
Food and Drink,Drizly,DRIZLYFIVE,1620447,4/11/18,1,0,,
Food and Drink,goop - DEACTIVATED,General 125x125,127236578,4/11/18,2,0,,
Luxury Advertisers,Kate Spade,Join Our Mailing List And Get 15% Off Your Next Order!,138069311,4/11/18,1,0,,
Luxury Advertisers,Kate Spade,shop all new arrivals from kate spade new york! plus enjoy free shipping and returns every day.,138069909,4/11/18,3,0,,
Luxury Advertisers,Kate Spade,Shop All New Arrivals From Kate Spade New York! Plus Enjoy Free Shipping And Returns Every Day!,138069312,4/11/18,1,0,,
Luxury Advertisers,Kate Spade,shop kate spade gifts online + free shipping now!,138069917,4/11/18,5,0,,
Beauty and Grooming,Kiehl's,"Free shipping with any $50 purchase, plus select 3 free samples!",23223316,4/11/18,2,0,,
Beauty and Grooming,Kiehl's,"Free shipping with any $50 purchase, plus select 3 free samples!",138816686,4/11/18,1,0,,
Beauty and Grooming,Laura Mercier,"Free Ground Shipping & Free Returns, plus 2 deluxe samples with every $50 purchase.",8368711,4/11/18,1,0,,
Department Stores,Macys.com,Pick 3 Fragrance Samples with Fragrance Purchase at macys.com!,412762,4/11/18,1,0,,
Department Stores,NORDSTROM.com,NL_080212,269040,4/11/18,6,0,,
Department Stores,Saks Fifth Avenue,"Free Shipping. Every Day, Every Order!",957981,4/11/18,3,0,,
Beauty and Grooming,"Sephora.com, Inc.","Beauty Deals! Limited Time Offers, Everyday Freebies & More at Sephora!",1068212,4/11/18,5,0,,
Food and Drink,Sugarfina,Shop Sugarfina - A Luxury Candy Boutique,1846598,4/11/18,1,0,,
Food and Drink,Sugarfina,Logo 234x60,1846601,4/11/18,3,0,,
Accessories and Handbags,Sunglass Hut,Sunglass Hut,394406,4/11/18,1,0,,
Home Goods,Sur La Table,Online Cooking Classes! Enjoy Our Award Winning Cooking Classes Now Available Online Starting at $29.95 only at SurLaTable.com!,138144127,4/11/18,1,0,,
Home Goods,Sur La Table,Save 50% on the Staub Pure Grill Now Only $99.96 + Free Shipping at SurLaTable.com!,138144772,4/11/18,5,0,,
Department Stores,Target.com,A New Day: Available Exclusively at Target!,138172097,4/11/18,1,0,,
Apparel,Urban Outfitters,Urban OUtfitters Deep Link,711916,4/11/18,1,0,,
Department Stores,Bloomingdale's,"Shop All-Clad at Bloomingdales.com! Premium quality, expertly-crafted kitchenware that lasts a lifetime.",2132795,4/10/18,13,0,,
Food and Drink,Dean and DeLuca,Crostinis and Toasts Collection specially priced at 46.50 ($59.00 Value) at Dean & DeLuca. Shop Now!,23225932,4/10/18,1,0,,
Food and Drink,Drizly,DRIZLYFIVE,1620447,4/10/18,2,0,,
Food and Drink,goop - DEACTIVATED,Home 300x250,127236587,4/10/18,1,0,,
Luxury Advertisers,Kate Spade,Join Our Mailing List And Get 15% Off Your Next Order!,138069311,4/10/18,4,0,,
Luxury Advertisers,Kate Spade,"kate spade handbags: shop totes, satchels, clutches & more online + free shipping now!",138069910,4/10/18,2,0,,
Luxury Advertisers,Kate Spade,shop all new arrivals from kate spade new york! plus enjoy free shipping and returns every day.,138069909,4/10/18,1,0,,
Luxury Advertisers,Kate Spade,Shop All New Arrivals From Kate Spade New York! Plus Enjoy Free Shipping And Returns Every Day!,138069312,4/10/18,1,0,,
Luxury Advertisers,Kate Spade,shop kate spade gifts online + free shipping now!,138069917,4/10/18,4,0,,
Department Stores,NORDSTROM.com,NL_080212,269040,4/10/18,5,0,,
Department Stores,Saks Fifth Avenue,"Free Shipping. Every Day, Every Order!",957981,4/10/18,1,0,,
Beauty and Grooming,"Sephora.com, Inc.","Beauty Deals! Limited Time Offers, Everyday Freebies & More at Sephora!",1068212,4/10/18,8,0,,
Food and Drink,Sugarfina,Shop Sugarfina - A Luxury Candy Boutique,1846598,4/10/18,1,0,,
Food and Drink,Sugarfina,Make Every Day Extra Sweet with Sugarfina's Best-Selling Treats,1846596,4/10/18,3,0,,
Food and Drink,Sugarfina,Logo 120x90,1846604,4/10/18,1,0,,
Food and Drink,Sugarfina,Logo 234x60,1846601,4/10/18,1,0,,
Home Goods,Sur La Table,Online Cooking Classes! Enjoy Our Award Winning Cooking Classes Now Available Online Starting at $29.95 only at SurLaTable.com!,138144127,4/10/18,1,0,,
Home Goods,Sur La Table,Save 50% on the Staub Pure Grill Now Only $99.96 + Free Shipping at SurLaTable.com!,138144772,4/10/18,12,0,,
Department Stores,Target.com,A New Day: Available Exclusively at Target!,138172097,4/10/18,4,0,,
Travel Supplies,Tumi US,Free Shipping & Returns at TUMI.com,104986457,4/10/18,1,0,,
Apparel,Urban Outfitters,Urban OUtfitters Deep Link,711916,4/10/18,4,0,,
Department Stores,Bloomingdale's,"Shop All-Clad at Bloomingdales.com! Premium quality, expertly-crafted kitchenware that lasts a lifetime.",2132795,4/8/18,3,0,,
Food and Drink,goop - DEACTIVATED,Home 300x250,127236587,4/8/18,1,0,,
Luxury Advertisers,Kate Spade,Join Our Mailing List And Get 15% Off Your Next Order!,138069311,4/8/18,1,0,,
Luxury Advertisers,Kate Spade,shop kate spade gifts online + free shipping now!,138069917,4/8/18,2,0,,
Department Stores,Saks Fifth Avenue,"Free Shipping. Every Day, Every Order!",957981,4/8/18,1,0,,
Food and Drink,Sugarfina,Logo 234x60,1846601,4/8/18,1,0,,
Home Goods,Sur La Table,Save 50% on the Staub Pure Grill Now Only $99.96 + Free Shipping at SurLaTable.com!,138144772,4/8/18,2,0,,
Department Stores,Target.com,A New Day: Available Exclusively at Target!,138172097,4/8/18,1,0,,
Travel Supplies,Tumi US,Free Shipping & Returns at TUMI.com,104986457,4/8/18,1,0,,
Food and Drink,Dean and DeLuca,Crostinis and Toasts Collection specially priced at 46.50 ($59.00 Value) at Dean & DeLuca. Shop Now!,23225932,4/6/18,1,0,,
Luxury Advertisers,Kate Spade,Join Our Mailing List And Get 15% Off Your Next Order!,138069311,4/6/18,1,0,,
Luxury Advertisers,Kate Spade,shop kate spade gifts online + free shipping now!,138069917,4/6/18,2,0,,
Luxury Advertisers,Kate Spade,black friday sale! enjoy 30% off everything* with code GIVEJOY *exclusions apply. valid 11/21 - 11/26.,138939542,4/6/18,1,0,,
Beauty and Grooming,Kiehl's,Enjoy $20 Off Your Purchase of $65 or More! Enter Code JINGLE at Checkout! Valid 11/10 - 11/30/17!,138902372,4/6/18,1,0,,
Department Stores,Lord & Taylor,"Black Friday Sale - Women's Cashmere Starting at $39.99, You Save Over $130. + $20 OFF $175+ with Code BONUS and FREE SHIPPING on All Orders Valid 11/21-11/26.",138903174,4/6/18,1,0,,
Department Stores,NORDSTROM.com,NL_080212,269040,4/6/18,1,0,,
Department Stores,NORDSTROM.com,Shop NORDSTROM for the best Black Friday Deals + Save an extra 20% on select sale items. FREE Shipping. FREE Returns.,138929952,4/6/18,1,0,,
Department Stores,Saks Fifth Avenue,Thanksgiving_50Sale_300x600,138938048,4/6/18,1,0,,
Travel Supplies,Samsonite,40% Off Entire Order Code: THANKS40,138911878,4/6/18,1,0,,
Beauty and Grooming,"Sephora.com, Inc.","Beauty Deals! Limited Time Offers, Everyday Freebies & More at Sephora!",1068212,4/6/18,1,0,,
Beauty and Grooming,"Sephora.com, Inc.",Receive a Free La Mer The Eye Concentrate Trial Size with Any $45 Purchase! Use Code VITALSURGE!,138891056,4/6/18,1,0,,
Home Goods,Sur La Table,Save 50% on the Staub Pure Grill Now Only $99.96 + Free Shipping at SurLaTable.com!,138144772,4/6/18,2,0,,
Home Goods,Sur La Table,Free Shipping on All Orders of $59 or more with code SHIPFREE at SurLaTable.com!,138865656,4/6/18,1,0,,
Department Stores,Target.com,A New Day: Available Exclusively at Target!,138172097,4/6/18,2,0,,
Department Stores,Target.com,30% off men's and women's boots. Valid 11/26-11/27,138930772,4/6/18,1,0,,
Travel Supplies,Tumi US,Black Friday: 40% Off Select Online Exclusives - Valid 11/24.,138903415,4/6/18,1,0,,
Department Stores,Bloomingdale's,"Shop All-Clad at Bloomingdales.com! Premium quality, expertly-crafted kitchenware that lasts a lifetime.",2132795,4/5/18,2,0,,
Food and Drink,Drizly,DRIZLYFIVE,1620447,4/5/18,1,0,,
Luxury Advertisers,Kate Spade,shop kate spade gifts online + free shipping now!,138069917,4/5/18,3,0,,
Luxury Advertisers,Kate Spade,shop all new arrivals from kate spade new york! plus enjoy free shipping and returns every day.,138069909,4/5/18,1,0,,
Beauty and Grooming,Kiehl's,"Free shipping with any $50 purchase, plus select 3 free samples!",23223316,4/5/18,1,0,,
Beauty and Grooming,Kiehl's,"Free shipping with any $50 purchase, plus select 3 free samples!",138816686,4/5/18,1,0,,
Department Stores,Macys.com,Pick 3 Fragrance Samples with Fragrance Purchase at macys.com!,412762,4/5/18,1,0,,
Department Stores,NORDSTROM.com,NL_080212,269040,4/5/18,5,0,,
Beauty and Grooming,"Sephora.com, Inc.","Beauty Deals! Limited Time Offers, Everyday Freebies & More at Sephora!",1068212,4/5/18,2,0,,
Food and Drink,Sugarfina,Logo 234x60,1846601,4/5/18,2,0,,
Department Stores,Target.com,A New Day: Available Exclusively at Target!,138172097,4/5/18,1,0,,
Food and Drink,Drizly,DRIZLYFIVE,1620447,4/4/18,1,0,,
Food and Drink,Sugarfina,Shop Sugarfina - A Luxury Candy Boutique,1846598,4/4/18,1,0,,
Department Stores,Target.com,One Pieces starting at $29.99 - Evergreen through June.,139581124,4/3/18,1,0,,
Home Goods,Sur La Table,Save 50% on the Staub Pure Grill Now Only $99.96 + Free Shipping at SurLaTable.com!,138144772,4/2/18,0,1,,
Food and Drink,Sugarfina,Logo 234x60,1846601,4/1/18,1,0,,
Home Goods,Sur La Table,Save 50% on the Staub Pure Grill Now Only $99.96 + Free Shipping at SurLaTable.com!,138144772,4/1/18,2,0,,
Department Stores,Target.com,One Pieces starting at $29.99 - Evergreen through June.,139581124,3/31/18,1,0,,
Luxury Advertisers,Kate Spade,shop all new arrivals from kate spade new york! plus enjoy free shipping and returns every day.,138069909,3/28/18,2,0,,
Department Stores,Bloomingdale's,"Shop All-Clad at Bloomingdales.com! Premium quality, expertly-crafted kitchenware that lasts a lifetime.",2132795,3/27/18,4,0,,
Food and Drink,goop - DEACTIVATED,Home 300x250,127236587,3/27/18,1,0,,
Luxury Advertisers,Kate Spade,Join Our Mailing List And Get 15% Off Your Next Order!,138069311,3/27/18,1,0,,
Luxury Advertisers,Kate Spade,shop kate spade gifts online + free shipping now!,138069917,3/27/18,2,0,,
Luxury Advertisers,Kate Spade,shop all new arrivals from kate spade new york! plus enjoy free shipping and returns every day.,138069909,3/27/18,5,0,,
Department Stores,Saks Fifth Avenue,"Free Shipping. Every Day, Every Order!",957981,3/27/18,1,0,,
Food and Drink,Sugarfina,Logo 234x60,1846601,3/27/18,1,0,,
Home Goods,Sur La Table,Save 50% on the Staub Pure Grill Now Only $99.96 + Free Shipping at SurLaTable.com!,138144772,3/27/18,2,0,,
Department Stores,Target.com,A New Day: Available Exclusively at Target!,138172097,3/27/18,1,0,,
Travel Supplies,Tumi US,Free Shipping & Returns at TUMI.com,104986457,3/27/18,1,0,,
Department Stores,Bloomingdale's,"Shop All-Clad at Bloomingdales.com! Premium quality, expertly-crafted kitchenware that lasts a lifetime.",2132795,3/26/18,1,0,,
Food and Drink,Sugarfina,Logo 234x60,1846601,3/26/18,1,0,,
Luxury Advertisers,Kate Spade,Shop All New Arrivals From Kate Spade New York! Plus Enjoy Free Shipping And Returns Every Day!,138069312,3/24/18,1,0,,
Department Stores,NORDSTROM.com,NL_080212,269040,3/24/18,1,0,,
Food and Drink,Sugarfina,Logo 234x60,1846601,3/24/18,1,0,,
Home Goods,Sur La Table,Save 50% on the Staub Pure Grill Now Only $99.96 + Free Shipping at SurLaTable.com!,138144772,3/23/18,1,0,,
Department Stores,Target.com,One Pieces starting at $29.99 - Evergreen through June.,139581124,3/23/18,1,0,,
Sporting & Outdoors Equipment,Backcountry.com,Backcountry Outlet,3360607,3/22/18,1,0,,
Beauty and Grooming,"Sephora.com, Inc.","Beauty Deals! Limited Time Offers, Everyday Freebies & More at Sephora!",1068212,3/22/18,1,0,,
Food and Drink,goop - DEACTIVATED,Home 300x250,127236587,3/21/18,1,0,,
Food and Drink,Drizly,DRIZLYFIVE,1620447,3/20/18,1,0,,
Beauty and Grooming,"Sephora.com, Inc.","Beauty Deals! Limited Time Offers, Everyday Freebies & More at Sephora!",1068212,3/20/18,3,0,,
Department Stores,Target.com,A New Day: Available Exclusively at Target!,138172097,3/20/18,1,0,,
Department Stores,Bloomingdale's,"Shop All-Clad at Bloomingdales.com! Premium quality, expertly-crafted kitchenware that lasts a lifetime.",2132795,3/19/18,5,0,,
Food and Drink,goop - DEACTIVATED,Home 300x250,127236587,3/19/18,1,0,,
Department Stores,Saks Fifth Avenue,"Free Shipping. Every Day, Every Order!",957981,3/19/18,1,0,,
Department Stores,Target.com,One Pieces starting at $29.99 - Evergreen through June.,139581124,3/19/18,2,0,,
Sporting & Outdoors Equipment,Backcountry.com,Backcountry Outlet,3360607,3/18/18,1,0,,
Department Stores,Bloomingdale's,"Shop All-Clad at Bloomingdales.com! Premium quality, expertly-crafted kitchenware that lasts a lifetime.",2132795,3/18/18,1,0,,
Home Goods,Boll & Branch,Soak up the sun in pure organic cotton with beach towels from Boll & Branch. ,138269251,3/18/18,1,0,,
Apparel,John Varvatos,Deep Linking,2033864,3/18/18,1,0,,
Luxury Advertisers,Kate Spade,Join Our Mailing List And Get 15% Off Your Next Order!,138069311,3/18/18,1,0,,
Luxury Advertisers,Kate Spade,"kate spade handbags: shop totes, satchels, clutches & more online + free shipping now!",138069910,3/18/18,1,0,,
Luxury Advertisers,Kate Spade,shop kate spade gifts online + free shipping now!,138069917,3/18/18,4,0,,
Luxury Advertisers,Kate Spade,shop all new arrivals from kate spade new york! plus enjoy free shipping and returns every day.,138069909,3/18/18,2,0,,
Department Stores,NORDSTROM.com,NL_080212,269040,3/18/18,8,0,,
Department Stores,Saks Fifth Avenue,"Free Shipping. Every Day, Every Order!",957981,3/18/18,3,0,,
Beauty and Grooming,"Sephora.com, Inc.","Beauty Deals! Limited Time Offers, Everyday Freebies & More at Sephora!",1068212,3/18/18,1,0,,
Food and Drink,Sugarfina,Logo 234x60,1846601,3/18/18,1,0,,
Apparel,Urban Outfitters,Urban OUtfitters Deep Link,711916,3/18/18,1,0,,
Beauty and Grooming,Birchbox,Get the new $10 BirchboxMan Monthly Subscription!,138144099,3/17/18,2,0,,
Department Stores,Bloomingdale's,"Shop All-Clad at Bloomingdales.com! Premium quality, expertly-crafted kitchenware that lasts a lifetime.",2132795,3/17/18,5,0,,
Food and Drink,Dean and DeLuca,Crostinis and Toasts Collection specially priced at 46.50 ($59.00 Value) at Dean & DeLuca. Shop Now!,23225932,3/17/18,2,0,,
Luxury Advertisers,Kate Spade,shop kate spade gifts online + free shipping now!,138069917,3/17/18,1,0,,
Luxury Advertisers,Kate Spade,Shop All New Arrivals From Kate Spade New York! Plus Enjoy Free Shipping And Returns Every Day!,138069312,3/17/18,1,0,,
Department Stores,NORDSTROM.com,NL_080212,269040,3/17/18,2,0,,
Food and Drink,Sugarfina,Make Every Day Extra Sweet with Sugarfina's Best-Selling Treats,1846596,3/17/18,1,0,,
Home Goods,Sur La Table,Online Cooking Classes! Enjoy Our Award Winning Cooking Classes Now Available Online Starting at $29.95 only at SurLaTable.com!,138144127,3/17/18,1,0,,
Home Goods,Sur La Table,Save 40% When You Shop The GreenPan Healthy Ceramic 10-Piece Cookware Set at SurLaTable.com! Includes A Bonus Steamer For Free!,138144770,3/17/18,1,0,,
Beauty and Grooming,Birchbox,Get the new $10 BirchboxMan Monthly Subscription!,138144099,3/16/18,1,0,,
Department Stores,Bloomingdale's,"Shop All-Clad at Bloomingdales.com! Premium quality, expertly-crafted kitchenware that lasts a lifetime.",2132795,3/16/18,1,0,,
Food and Drink,Dean and DeLuca,Crostinis and Toasts Collection specially priced at 46.50 ($59.00 Value) at Dean & DeLuca. Shop Now!,23225932,3/16/18,1,0,,
Food and Drink,Drizly,DRIZLYFIVE,1620447,3/16/18,1,0,,
Luxury Advertisers,Kate Spade,shop all new arrivals from kate spade new york! plus enjoy free shipping and returns every day.,138069909,3/16/18,1,0,,
Department Stores,NORDSTROM.com,NL_080212,269040,3/16/18,3,0,,
Beauty and Grooming,"Sephora.com, Inc.","Beauty Deals! Limited Time Offers, Everyday Freebies & More at Sephora!",1068212,3/16/18,1,0,,
Food and Drink,Sugarfina,Logo 234x60,1846601,3/16/18,1,0,,
Department Stores,Bloomingdale's,"Shop All-Clad at Bloomingdales.com! Premium quality, expertly-crafted kitchenware that lasts a lifetime.",2132795,3/15/18,1,0,,
Beauty and Grooming,"Sephora.com, Inc.","Beauty Deals! Limited Time Offers, Everyday Freebies & More at Sephora!",1068212,3/15/18,2,0,,
Sporting & Outdoors Equipment,Backcountry.com,Backcountry Outlet,3360607,3/14/18,7,0,,
Beauty and Grooming,Birchbox,Get the new $10 BirchboxMan Monthly Subscription!,138144099,3/14/18,1,0,,
Department Stores,Bloomingdale's,"Shop All-Clad at Bloomingdales.com! Premium quality, expertly-crafted kitchenware that lasts a lifetime.",2132795,3/14/18,25,0,,
Home Goods,Boll & Branch,Soak up the sun in pure organic cotton with beach towels from Boll & Branch. ,138269251,3/14/18,2,0,,
Food and Drink,Dean and DeLuca,Crostinis and Toasts Collection specially priced at 46.50 ($59.00 Value) at Dean & DeLuca. Shop Now!,23225932,3/14/18,1,0,,
Food and Drink,Drizly,DRIZLYFIVE,1620447,3/14/18,1,0,,
Food and Drink,goop - DEACTIVATED,General 125x125,127236578,3/14/18,4,0,,
Babies and Kids,Hanna Andersson,Hanna Andersson's family pajamas become part of holiday celebrations year after year. Shop new & returning collections and make this year's memories more special than ever. Valid 9/26- until supplies last.,2867606,3/14/18,4,0,,
Apparel,John Varvatos,Deep Linking,2033864,3/14/18,1,0,,
Luxury Advertisers,Kate Spade,Join Our Mailing List And Get 15% Off Your Next Order!,138069311,3/14/18,11,0,,
Luxury Advertisers,Kate Spade,"kate spade handbags: shop totes, satchels, clutches & more online + free shipping now!",138069910,3/14/18,3,0,,
Luxury Advertisers,Kate Spade,shop kate spade gifts online + free shipping now!,138069917,3/14/18,25,0,,
Luxury Advertisers,Kate Spade,shop all new arrivals from kate spade new york! plus enjoy free shipping and returns every day.,138069909,3/14/18,15,0,,
Beauty and Grooming,Kiehl's,"Free shipping with any $50 purchase, plus select 3 free samples!",138816686,3/14/18,1,0,,
Department Stores,Macys.com,Pick 3 Fragrance Samples with Fragrance Purchase at macys.com!,412762,3/14/18,1,0,,
Electronics Accessories,NOMAD Goods,Rugged Leather Case for iPhone X,138248534,3/14/18,1,0,,
Department Stores,NORDSTROM.com,NL_080212,269040,3/14/18,17,0,,
Department Stores,Saks Fifth Avenue,"Free Shipping. Every Day, Every Order!",957981,3/14/18,12,0,,
Beauty and Grooming,"Sephora.com, Inc.","Beauty Deals! Limited Time Offers, Everyday Freebies & More at Sephora!",1068212,3/14/18,19,0,,
Food and Drink,Sugarfina,Shop Sugarfina - A Luxury Candy Boutique,1846598,3/14/18,1,0,,
Food and Drink,Sugarfina,Logo 234x60,1846601,3/14/18,18,0,,
Home Goods,Sur La Table,Save 50% on the Staub Pure Grill Now Only $99.96 + Free Shipping at SurLaTable.com!,138144772,3/14/18,19,0,,
Home Goods,Sur La Table,Save 40% When You Shop The GreenPan Healthy Ceramic 10-Piece Cookware Set at SurLaTable.com! Includes A Bonus Steamer For Free!,138144770,3/14/18,1,0,,
Department Stores,Target.com,A New Day: Available Exclusively at Target!,138172097,3/14/18,5,0,,
Travel Supplies,Tumi US,Free Shipping & Returns at TUMI.com,104986457,3/14/18,3,0,,
Apparel,Urban Outfitters,Urban OUtfitters Deep Link,711916,3/14/18,3,0,,
Sweden,Urbanears,<link> Plattan 2 THE PERFECT CLASSIC HEADPHONE </link> (320x50),3363479,3/14/18,2,0,,
Beauty and Grooming,"Sephora.com, Inc.","Beauty Deals! Limited Time Offers, Everyday Freebies & More at Sephora!",1068212,3/13/18,1,0,,
Travel Supplies,Tumi US,Free Shipping & Returns at TUMI.com,104986457,3/13/18,1,0,,
Luxury Advertisers,Kate Spade,shop kate spade gifts online + free shipping now!,138069917,3/12/18,1,0,,
Luxury Advertisers,Kate Spade,shop all new arrivals from kate spade new york! plus enjoy free shipping and returns every day.,138069909,3/12/18,2,0,,
Beauty and Grooming,"Sephora.com, Inc.","Beauty Deals! Limited Time Offers, Everyday Freebies & More at Sephora!",1068212,3/12/18,10,0,,
Food and Drink,Sugarfina,Logo 120x90,1846604,3/12/18,2,0,,
Apparel,Urban Outfitters,Urban OUtfitters Deep Link,711916,3/12/18,8,0,,
Luxury Advertisers,Kate Spade,shop kate spade gifts online + free shipping now!,138069917,3/11/18,1,0,,
Luxury Advertisers,Kate Spade,shop all new arrivals from kate spade new york! plus enjoy free shipping and returns every day.,138069909,3/10/18,2,0,,
Beauty and Grooming,"Sephora.com, Inc.","Beauty Deals! Limited Time Offers, Everyday Freebies & More at Sephora!",1068212,3/10/18,2,0,,
Department Stores,Bloomingdale's,"Shop All-Clad at Bloomingdales.com! Premium quality, expertly-crafted kitchenware that lasts a lifetime.",2132795,3/8/18,7,0,,
Food and Drink,Dean and DeLuca,Crostinis and Toasts Collection specially priced at 46.50 ($59.00 Value) at Dean & DeLuca. Shop Now!,23225932,3/8/18,1,0,,
Food and Drink,Drizly,DRIZLYFIVE,1620447,3/8/18,3,0,,
Luxury Advertisers,Kate Spade,Join Our Mailing List And Get 15% Off Your Next Order!,138069311,3/8/18,3,0,,
Luxury Advertisers,Kate Spade,"kate spade handbags: shop totes, satchels, clutches & more online + free shipping now!",138069910,3/8/18,1,0,,
Luxury Advertisers,Kate Spade,shop kate spade gifts online + free shipping now!,138069917,3/8/18,7,0,,
Department Stores,NORDSTROM.com,NL_080212,269040,3/8/18,3,0,,
Beauty and Grooming,"Sephora.com, Inc.","Beauty Deals! Limited Time Offers, Everyday Freebies & More at Sephora!",1068212,3/8/18,3,0,,
Food and Drink,Sugarfina,Shop Sugarfina - A Luxury Candy Boutique,1846598,3/8/18,1,0,,
Food and Drink,Sugarfina,Make Every Day Extra Sweet with Sugarfina's Best-Selling Treats,1846596,3/8/18,1,0,,
Home Goods,Sur La Table,Save 50% on the Staub Pure Grill Now Only $99.96 + Free Shipping at SurLaTable.com!,138144772,3/8/18,10,0,,
Home Goods,Sur La Table,Save 40% When You Shop The GreenPan Healthy Ceramic 10-Piece Cookware Set at SurLaTable.com! Includes A Bonus Steamer For Free!,138144770,3/8/18,2,0,,
Department Stores,Target.com,A New Day: Available Exclusively at Target!,138172097,3/8/18,7,0,,
Travel Supplies,Tumi US,Free Shipping & Returns at TUMI.com,104986457,3/8/18,1,0,,
Department Stores,Bloomingdale's,"Shop All-Clad at Bloomingdales.com! Premium quality, expertly-crafted kitchenware that lasts a lifetime.",2132795,3/7/18,1,0,,
Food and Drink,Drizly,DRIZLYFIVE,1620447,3/6/18,1,0,,
Luxury Advertisers,Kate Spade,shop kate spade gifts online + free shipping now!,138069917,3/6/18,1,0,,
Department Stores,NORDSTROM.com,NL_080212,269040,3/6/18,1,0,,
Beauty and Grooming,"Sephora.com, Inc.","Beauty Deals! Limited Time Offers, Everyday Freebies & More at Sephora!",1068212,3/6/18,3,0,,
Food and Drink,Sugarfina,Logo 234x60,1846601,3/6/18,1,0,,
Home Goods,Sur La Table,Save 50% on the Staub Pure Grill Now Only $99.96 + Free Shipping at SurLaTable.com!,138144772,3/6/18,1,0,,
Department Stores,Target.com,A New Day: Available Exclusively at Target!,138172097,3/6/18,1,0,,
Department Stores,Bloomingdale's,"Shop All-Clad at Bloomingdales.com! Premium quality, expertly-crafted kitchenware that lasts a lifetime.",2132795,3/5/18,1,0,,
Food and Drink,goop - DEACTIVATED,General 125x125,127236578,3/5/18,2,0,,
Luxury Advertisers,Kate Spade,shop kate spade gifts online + free shipping now!,138069917,3/5/18,1,0,,
Luxury Advertisers,Kate Spade,Join Our Mailing List And Get 15% Off Your Next Order!,138069311,3/4/18,2,0,,
Department Stores,Bloomingdale's,"Shop All-Clad at Bloomingdales.com! Premium quality, expertly-crafted kitchenware that lasts a lifetime.",2132795,3/3/18,1,0,,
Department Stores,Bloomingdale's,"Shop All-Clad at Bloomingdales.com! Premium quality, expertly-crafted kitchenware that lasts a lifetime.",2132795,3/2/18,1,0,,
Luxury Advertisers,Kate Spade,shop kate spade gifts online + free shipping now!,138069917,3/2/18,1,0,,
Department Stores,Bloomingdale's,"Shop All-Clad at Bloomingdales.com! Premium quality, expertly-crafted kitchenware that lasts a lifetime.",2132795,2/28/18,2,0,,
Luxury Advertisers,Kate Spade,shop all new arrivals from kate spade new york! plus enjoy free shipping and returns every day.,138069909,2/28/18,2,0,,
Department Stores,Saks Fifth Avenue,"Free Shipping. Every Day, Every Order!",957981,2/28/18,2,0,,
Luxury Advertisers,Kate Spade,shop all new arrivals from kate spade new york! plus enjoy free shipping and returns every day.,138069909,2/27/18,2,0,,
Department Stores,Saks Fifth Avenue,"Free Shipping. Every Day, Every Order!",957981,2/27/18,1,0,,
Food and Drink,Sugarfina,Logo 234x60,1846601,2/27/18,1,0,,
Food and Drink,goop - DEACTIVATED,General 125x125,127236578,2/26/18,2,0,,
Beauty and Grooming,"Sephora.com, Inc.","Beauty Deals! Limited Time Offers, Everyday Freebies & More at Sephora!",1068212,2/26/18,1,0,,
Luxury Advertisers,Kate Spade,shop all new arrivals from kate spade new york! plus enjoy free shipping and returns every day.,138069909,2/24/18,2,0,,
Department Stores,Bloomingdale's,"Shop All-Clad at Bloomingdales.com! Premium quality, expertly-crafted kitchenware that lasts a lifetime.",2132795,2/22/18,1,0,,
Food and Drink,Sugarfina,Logo 234x60,1846601,2/22/18,1,0,,
Luxury Advertisers,Kate Spade,shop all new arrivals from kate spade new york! plus enjoy free shipping and returns every day.,138069909,2/20/18,1,0,,
Food and Drink,goop - DEACTIVATED,General 125x125,127236578,2/17/18,2,0,,
Department Stores,Bloomingdale's,"Shop All-Clad at Bloomingdales.com! Premium quality, expertly-crafted kitchenware that lasts a lifetime.",2132795,2/16/18,5,0,,
Food and Drink,goop - DEACTIVATED,Home 300x250,127236587,2/16/18,3,0,,
Department Stores,NORDSTROM.com,NL_080212,269040,2/16/18,1,0,,
Department Stores,Saks Fifth Avenue,"Free Shipping. Every Day, Every Order!",957981,2/16/18,2,0,,
Beauty and Grooming,"Sephora.com, Inc.","Beauty Deals! Limited Time Offers, Everyday Freebies & More at Sephora!",1068212,2/16/18,2,0,,
Department Stores,Bloomingdale's,"Shop All-Clad at Bloomingdales.com! Premium quality, expertly-crafted kitchenware that lasts a lifetime.",2132795,2/15/18,0,2,,
Luxury Advertisers,Kate Spade,Join Our Mailing List And Get 15% Off Your Next Order!,138069311,2/15/18,1,0,,
Beauty and Grooming,"Sephora.com, Inc.","Beauty Deals! Limited Time Offers, Everyday Freebies & More at Sephora!",1068212,2/15/18,1,0,,
Department Stores,Target.com,A New Day: Available Exclusively at Target!,138172097,2/15/18,2,0,,
Department Stores,Bloomingdale's,"Shop All-Clad at Bloomingdales.com! Premium quality, expertly-crafted kitchenware that lasts a lifetime.",2132795,2/14/18,0,0,,
Department Stores,Bloomingdale's,"Shop All-Clad at Bloomingdales.com! Premium quality, expertly-crafted kitchenware that lasts a lifetime.",2132795,2/13/18,1,0,,
Luxury Advertisers,Kate Spade,Join Our Mailing List And Get 15% Off Your Next Order!,138069311,2/13/18,1,0,,
Luxury Advertisers,Kate Spade,Join Our Mailing List And Get 15% Off Your Next Order!,138069311,2/12/18,11,0,,
Department Stores,Bloomingdale's,"Shop All-Clad at Bloomingdales.com! Premium quality, expertly-crafted kitchenware that lasts a lifetime.",2132795,2/10/18,2,0,,
Food and Drink,goop - DEACTIVATED,General 125x125,127236578,2/10/18,2,0,,
Beauty and Grooming,"Sephora.com, Inc.","Beauty Deals! Limited Time Offers, Everyday Freebies & More at Sephora!",1068212,2/10/18,1,0,,
Sporting & Outdoors Equipment,Backcountry.com,Backcountry Outlet,3360607,2/9/18,2,0,,
Beauty and Grooming,Birchbox,Get the new $10 BirchboxMan Monthly Subscription!,138144099,2/9/18,1,0,,
Department Stores,Bloomingdale's,"Shop All-Clad at Bloomingdales.com! Premium quality, expertly-crafted kitchenware that lasts a lifetime.",2132795,2/9/18,25,0,,
Home Goods,Boll & Branch,Soak up the sun in pure organic cotton with beach towels from Boll & Branch. ,138269251,2/9/18,1,0,,
Food and Drink,Dean and DeLuca,Crostinis and Toasts Collection specially priced at 46.50 ($59.00 Value) at Dean & DeLuca. Shop Now!,23225932,2/9/18,1,0,,
Food and Drink,Drizly,DRIZLYFIVE,1620447,2/9/18,1,0,,
Food and Drink,goop - DEACTIVATED,General 125x125,127236578,2/9/18,3,0,,
Babies and Kids,Hanna Andersson,Hanna Andersson's family pajamas become part of holiday celebrations year after year. Shop new & returning collections and make this year's memories more special than ever. Valid 9/26- until supplies last.,2867606,2/9/18,4,0,,
Apparel,John Varvatos,Deep Linking,2033864,2/9/18,1,0,,
Luxury Advertisers,Kate Spade,Join Our Mailing List And Get 15% Off Your Next Order!,138069311,2/9/18,12,0,,
Luxury Advertisers,Kate Spade,shop all new arrivals from kate spade new york! plus enjoy free shipping and returns every day.,138069909,2/9/18,14,0,,
Luxury Advertisers,Kate Spade,shop kate spade gifts online + free shipping now!,138069917,2/9/18,26,0,,
Luxury Advertisers,Kate Spade,"kate spade handbags: shop totes, satchels, clutches & more online + free shipping now!",138069910,2/9/18,2,0,,
Beauty and Grooming,Kiehl's,"Free shipping with any $50 purchase, plus select 3 free samples!",138816686,2/9/18,1,0,,
Electronics Accessories,NOMAD Goods,Rugged Leather Case for iPhone X,138248534,2/9/18,1,0,,
Department Stores,NORDSTROM.com,NL_080212,269040,2/9/18,17,0,,
Department Stores,Saks Fifth Avenue,"Free Shipping. Every Day, Every Order!",957981,2/9/18,12,0,,
Beauty and Grooming,"Sephora.com, Inc.","Beauty Deals! Limited Time Offers, Everyday Freebies & More at Sephora!",1068212,2/9/18,12,0,,
Food and Drink,Sugarfina,Logo 234x60,1846601,2/9/18,16,0,,
Food and Drink,Sugarfina,Shop Sugarfina - A Luxury Candy Boutique,1846598,2/9/18,1,0,,
Home Goods,Sur La Table,Save 40% When You Shop The GreenPan Healthy Ceramic 10-Piece Cookware Set at SurLaTable.com! Includes A Bonus Steamer For Free!,138144770,2/9/18,1,0,,
Home Goods,Sur La Table,Save 50% on the Staub Pure Grill Now Only $99.96 + Free Shipping at SurLaTable.com!,138144772,2/9/18,21,0,,
Department Stores,Target.com,A New Day: Available Exclusively at Target!,138172097,2/9/18,5,0,,
Travel Supplies,Tumi US,Free Shipping & Returns at TUMI.com,104986457,2/9/18,3,0,,
Apparel,Urban Outfitters,Urban OUtfitters Deep Link,711916,2/9/18,2,0,,
Sweden,Urbanears,<link> Plattan 2 THE PERFECT CLASSIC HEADPHONE </link> (320x50),3363479,2/9/18,2,0,,
Electronics Accessories,NOMAD Goods,Rugged Leather Case for iPhone X,138248534,2/8/18,1,0,,
Food and Drink,goop - DEACTIVATED,General 125x125,127236578,2/7/18,4,0,,
Department Stores,Saks Fifth Avenue,"Free Shipping. Every Day, Every Order!",957981,2/7/18,1,0,,
Food and Drink,Drizly,DRIZLYFIVE,1620447,2/6/18,1,0,,
Food and Drink,goop - DEACTIVATED,General 125x125,127236578,2/6/18,2,0,,
Beauty and Grooming,Kiehl's,"Free shipping with any $50 purchase, plus select 3 free samples!",138816686,2/6/18,2,0,,
Department Stores,Bloomingdale's,"Shop All-Clad at Bloomingdales.com! Premium quality, expertly-crafted kitchenware that lasts a lifetime.",2132795,2/5/18,13,0,,
Food and Drink,Dean and DeLuca,Crostinis and Toasts Collection specially priced at 46.50 ($59.00 Value) at Dean & DeLuca. Shop Now!,23225932,2/5/18,1,0,,
Food and Drink,Drizly,DRIZLYFIVE,1620447,2/5/18,4,0,,
Food and Drink,goop - DEACTIVATED,General 125x125,127236578,2/5/18,4,0,,
Luxury Advertisers,Kate Spade,"kate spade handbags: shop totes, satchels, clutches & more online + free shipping now!",138069910,2/5/18,1,0,,
Luxury Advertisers,Kate Spade,shop all new arrivals from kate spade new york! plus enjoy free shipping and returns every day.,138069909,2/5/18,4,0,,
Luxury Advertisers,Kate Spade,Join Our Mailing List And Get 15% Off Your Next Order!,138069311,2/5/18,4,0,,
Luxury Advertisers,Kate Spade,shop kate spade gifts online + free shipping now!,138069917,2/5/18,8,0,,
Department Stores,NORDSTROM.com,NL_080212,269040,2/5/18,5,0,,
Department Stores,Saks Fifth Avenue,"Free Shipping. Every Day, Every Order!",957981,2/5/18,3,0,,
Beauty and Grooming,"Sephora.com, Inc.","Beauty Deals! Limited Time Offers, Everyday Freebies & More at Sephora!",1068212,2/5/18,7,0,,
Food and Drink,Sugarfina,Logo 234x60,1846601,2/5/18,4,0,,
Food and Drink,Sugarfina,Make Every Day Extra Sweet with Sugarfina's Best-Selling Treats,1846596,2/5/18,1,0,,
Food and Drink,Sugarfina,Shop Sugarfina - A Luxury Candy Boutique,1846598,2/5/18,1,0,,
Home Goods,Sur La Table,Save 40% When You Shop The GreenPan Healthy Ceramic 10-Piece Cookware Set at SurLaTable.com! Includes A Bonus Steamer For Free!,138144770,2/5/18,1,0,,
Home Goods,Sur La Table,Save 50% on the Staub Pure Grill Now Only $99.96 + Free Shipping at SurLaTable.com!,138144772,2/5/18,10,0,,
Department Stores,Target.com,A New Day: Available Exclusively at Target!,138172097,2/5/18,6,0,,
Travel Supplies,Tumi US,Free Shipping & Returns at TUMI.com,104986457,2/5/18,1,0,,
Food and Drink,goop - DEACTIVATED,General 125x125,127236578,2/4/18,6,0,,
Food and Drink,goop - DEACTIVATED,General 125x125,127236578,2/3/18,6,0,,
Department Stores,Bloomingdale's,"Shop All-Clad at Bloomingdales.com! Premium quality, expertly-crafted kitchenware that lasts a lifetime.",2132795,2/2/18,5,0,,
Food and Drink,Drizly,DRIZLYFIVE,1620447,2/2/18,1,0,,
Food and Drink,goop - DEACTIVATED,General 125x125,127236578,2/2/18,6,0,,
Luxury Advertisers,Kate Spade,shop all new arrivals from kate spade new york! plus enjoy free shipping and returns every day.,138069909,2/2/18,5,0,,
Luxury Advertisers,Kate Spade,Join Our Mailing List And Get 15% Off Your Next Order!,138069311,2/2/18,1,0,,
Luxury Advertisers,Kate Spade,shop kate spade gifts online + free shipping now!,138069917,2/2/18,3,0,,
Department Stores,NORDSTROM.com,NL_080212,269040,2/2/18,1,0,,
Department Stores,Saks Fifth Avenue,"Free Shipping. Every Day, Every Order!",957981,2/2/18,4,0,,
Beauty and Grooming,"Sephora.com, Inc.","Beauty Deals! Limited Time Offers, Everyday Freebies & More at Sephora!",1068212,2/2/18,2,0,,
Food and Drink,Sugarfina,Logo 234x60,1846601,2/2/18,4,0,,
Home Goods,Sur La Table,Save 50% on the Staub Pure Grill Now Only $99.96 + Free Shipping at SurLaTable.com!,138144772,2/2/18,1,0,,
Department Stores,Bloomingdale's,"Shop All-Clad at Bloomingdales.com! Premium quality, expertly-crafted kitchenware that lasts a lifetime.",2132795,2/1/18,8,0,,
Food and Drink,Drizly,DRIZLYFIVE,1620447,2/1/18,4,0,,
Luxury Advertisers,Kate Spade,shop all new arrivals from kate spade new york! plus enjoy free shipping and returns every day.,138069909,2/1/18,6,0,,
Luxury Advertisers,Kate Spade,shop kate spade gifts online + free shipping now!,138069917,2/1/18,3,0,,
Electronics Accessories,NOMAD Goods,Rugged Leather Case for iPhone X,138248534,2/1/18,9,0,,
Department Stores,NORDSTROM.com,NL_080212,269040,2/1/18,2,0,,
Department Stores,Saks Fifth Avenue,"Free Shipping. Every Day, Every Order!",957981,2/1/18,2,0,,
Beauty and Grooming,"Sephora.com, Inc.","Beauty Deals! Limited Time Offers, Everyday Freebies & More at Sephora!",1068212,2/1/18,13,0,,
Food and Drink,Sugarfina,Logo 234x60,1846601,2/1/18,5,0,,
Food and Drink,Sugarfina,Logo 120x90,1846604,2/1/18,3,0,,
Home Goods,Sur La Table,Save 50% on the Staub Pure Grill Now Only $99.96 + Free Shipping at SurLaTable.com!,138144772,2/1/18,3,0,,
Apparel,Urban Outfitters,Urban OUtfitters Deep Link,711916,2/1/18,12,0,,
Department Stores,Bloomingdale's,"Shop All-Clad at Bloomingdales.com! Premium quality, expertly-crafted kitchenware that lasts a lifetime.",2132795,1/31/18,4,0,,
Food and Drink,Drizly,DRIZLYFIVE,1620447,1/31/18,1,0,,
Luxury Advertisers,Kate Spade,shop all new arrivals from kate spade new york! plus enjoy free shipping and returns every day.,138069909,1/31/18,2,0,,
Luxury Advertisers,Kate Spade,Join Our Mailing List And Get 15% Off Your Next Order!,138069311,1/31/18,1,0,,
Luxury Advertisers,Kate Spade,shop kate spade gifts online + free shipping now!,138069917,1/31/18,1,0,,
Department Stores,Saks Fifth Avenue,"Free Shipping. Every Day, Every Order!",957981,1/31/18,2,0,,
Beauty and Grooming,"Sephora.com, Inc.","Beauty Deals! Limited Time Offers, Everyday Freebies & More at Sephora!",1068212,1/31/18,1,0,,
Food and Drink,Sugarfina,Logo 234x60,1846601,1/30/18,1,0,,
Department Stores,Bloomingdale's,"Shop All-Clad at Bloomingdales.com! Premium quality, expertly-crafted kitchenware that lasts a lifetime.",2132795,1/29/18,7,0,,
Food and Drink,Drizly,DRIZLYFIVE,1620447,1/29/18,1,0,,
Luxury Advertisers,Kate Spade,shop all new arrivals from kate spade new york! plus enjoy free shipping and returns every day.,138069909,1/29/18,4,0,,
Luxury Advertisers,Kate Spade,Join Our Mailing List And Get 15% Off Your Next Order!,138069311,1/29/18,3,0,,
Luxury Advertisers,Kate Spade,shop kate spade gifts online + free shipping now!,138069917,1/29/18,3,0,,
Department Stores,NORDSTROM.com,NL_080212,269040,1/29/18,1,0,,
Department Stores,Saks Fifth Avenue,"Free Shipping. Every Day, Every Order!",957981,1/29/18,3,0,,
Beauty and Grooming,"Sephora.com, Inc.","Beauty Deals! Limited Time Offers, Everyday Freebies & More at Sephora!",1068212,1/29/18,3,0,,
Food and Drink,Sugarfina,Logo 234x60,1846601,1/29/18,4,0,,
Food and Drink,goop - DEACTIVATED,General 125x125,127236578,1/28/18,3,0,,
Department Stores,Bloomingdale's,"Shop All-Clad at Bloomingdales.com! Premium quality, expertly-crafted kitchenware that lasts a lifetime.",2132795,1/27/18,5,0,,
Food and Drink,Drizly,DRIZLYFIVE,1620447,1/27/18,1,0,,
Luxury Advertisers,Kate Spade,shop all new arrivals from kate spade new york! plus enjoy free shipping and returns every day.,138069909,1/27/18,5,0,,
Luxury Advertisers,Kate Spade,Join Our Mailing List And Get 15% Off Your Next Order!,138069311,1/27/18,1,0,,
Luxury Advertisers,Kate Spade,shop kate spade gifts online + free shipping now!,138069917,1/27/18,3,0,,
Department Stores,NORDSTROM.com,NL_080212,269040,1/27/18,1,0,,
Department Stores,Saks Fifth Avenue,"Free Shipping. Every Day, Every Order!",957981,1/27/18,5,0,,
Beauty and Grooming,"Sephora.com, Inc.","Beauty Deals! Limited Time Offers, Everyday Freebies & More at Sephora!",1068212,1/27/18,2,0,,
Food and Drink,Sugarfina,Logo 234x60,1846601,1/27/18,4,0,,
Department Stores,Bloomingdale's,"Shop All-Clad at Bloomingdales.com! Premium quality, expertly-crafted kitchenware that lasts a lifetime.",2132795,1/26/18,1,0,,
Food and Drink,Drizly,DRIZLYFIVE,1620447,1/26/18,1,0,,
Luxury Advertisers,Kate Spade,shop all new arrivals from kate spade new york! plus enjoy free shipping and returns every day.,138069909,1/26/18,3,0,,
Department Stores,Saks Fifth Avenue,"Free Shipping. Every Day, Every Order!",957981,1/26/18,1,0,,
Beauty and Grooming,"Sephora.com, Inc.","Beauty Deals! Limited Time Offers, Everyday Freebies & More at Sephora!",1068212,1/26/18,2,0,,
Food and Drink,Sugarfina,Logo 234x60,1846601,1/26/18,1,0,,
Department Stores,Target.com,A New Day: Available Exclusively at Target!,138172097,1/26/18,0,1,,
Department Stores,Bloomingdale's,"Shop All-Clad at Bloomingdales.com! Premium quality, expertly-crafted kitchenware that lasts a lifetime.",2132795,1/25/18,1,0,,
Food and Drink,Dean and DeLuca,Crostinis and Toasts Collection specially priced at 46.50 ($59.00 Value) at Dean & DeLuca. Shop Now!,23225932,1/25/18,1,0,,
Luxury Advertisers,Kate Spade,shop all new arrivals from kate spade new york! plus enjoy free shipping and returns every day.,138069909,1/25/18,2,0,,
Department Stores,Saks Fifth Avenue,"Free Shipping. Every Day, Every Order!",957981,1/25/18,2,0,,
Beauty and Grooming,"Sephora.com, Inc.","Beauty Deals! Limited Time Offers, Everyday Freebies & More at Sephora!",1068212,1/25/18,5,2,,
Food and Drink,Sugarfina,Shop Sugarfina - A Luxury Candy Boutique,1846598,1/25/18,1,0,,
Food and Drink,Sugarfina,Logo 234x60,1846601,1/25/18,24,0,,
Home Goods,Sur La Table,Save 50% on the Staub Pure Grill Now Only $99.96 + Free Shipping at SurLaTable.com!,138144772,1/25/18,1,0,,
Department Stores,Target.com,A New Day: Available Exclusively at Target!,138172097,1/25/18,1,0,,
Apparel,Urban Outfitters,Urban OUtfitters Deep Link,711916,1/25/18,8,0,,
Department Stores,Bloomingdale's,"Shop All-Clad at Bloomingdales.com! Premium quality, expertly-crafted kitchenware that lasts a lifetime.",2132795,1/23/18,5,0,,
Luxury Advertisers,Kate Spade,shop kate spade gifts online + free shipping now!,138069917,1/23/18,1,0,,
Electronics Accessories,NOMAD Goods,Rugged Leather Case for iPhone X,138248534,1/23/18,1,0,,
Department Stores,Saks Fifth Avenue,"Free Shipping. Every Day, Every Order!",957981,1/23/18,6,0,,
Food and Drink,Sugarfina,Shop Sugarfina - A Luxury Candy Boutique,1846598,1/23/18,1,0,,
Food and Drink,Sugarfina,Holiday season is here! Sugarfina is offering 2 free samples with any order! No promo code or coupon needed! (valid 11/7-12/31),138861338,1/23/18,1,0,,
Sweden,Urbanears,<link> Plattan 2 THE PERFECT CLASSIC HEADPHONE </link> (320x50),3363479,1/23/18,1,0,,
Department Stores,Bloomingdale's,"Shop All-Clad at Bloomingdales.com! Premium quality, expertly-crafted kitchenware that lasts a lifetime.",2132795,1/22/18,3,0,,
Food and Drink,Drizly,DRIZLYFIVE,1620447,1/22/18,1,0,,
Luxury Advertisers,Kate Spade,shop kate spade gifts online + free shipping now!,138069917,1/22/18,1,0,,
Luxury Advertisers,Kate Spade,shop all new arrivals from kate spade new york! plus enjoy free shipping and returns every day.,138069909,1/22/18,17,0,,
Department Stores,NORDSTROM.com,NL_080212,269040,1/22/18,3,0,,
Department Stores,Saks Fifth Avenue,"Free Shipping. Every Day, Every Order!",957981,1/22/18,4,0,,
Beauty and Grooming,"Sephora.com, Inc.","Beauty Deals! Limited Time Offers, Everyday Freebies & More at Sephora!",1068212,1/22/18,3,0,,
Food and Drink,Sugarfina,Get your Loved One Something Sweet this Holiday at Sugarfina,1846590,1/22/18,1,0,,
Department Stores,Target.com,A New Day: Available Exclusively at Target!,138172097,1/22/18,2,0,,
Apparel,Urban Outfitters,Urban OUtfitters Deep Link,711916,1/22/18,1,0,,
Luxury Advertisers,Kate Spade,shop kate spade gifts online + free shipping now!,138069917,1/21/18,1,0,,
Luxury Advertisers,Kate Spade,shop all new arrivals from kate spade new york! plus enjoy free shipping and returns every day.,138069909,1/21/18,11,0,,
Luxury Advertisers,Kate Spade,Join Our Mailing List And Get 15% Off Your Next Order!,138069311,1/21/18,1,0,,
Department Stores,Saks Fifth Avenue,"Free Shipping. Every Day, Every Order!",957981,1/21/18,6,0,,
Food and Drink,Sugarfina,SF 250x250 2,1846615,1/21/18,2,0,,
Apparel,Urban Outfitters,Urban OUtfitters Deep Link,711916,1/21/18,1,0,,
Department Stores,Saks Fifth Avenue,"Free Shipping. Every Day, Every Order!",957981,1/19/18,1,0,,
Food and Drink,Sugarfina,Get your Loved One Something Sweet this Holiday at Sugarfina,1846590,1/19/18,2,0,,
Apparel,Urban Outfitters,Urban OUtfitters Deep Link,711916,1/19/18,1,0,,
Department Stores,Bloomingdale's,"Shop All-Clad at Bloomingdales.com! Premium quality, expertly-crafted kitchenware that lasts a lifetime.",2132795,1/18/18,9,0,,
Home Goods,Boll & Branch,Soak up the sun in pure organic cotton with beach towels from Boll & Branch. ,138269251,1/18/18,1,0,,
Home Goods,Boll & Branch,"Feel The Irresistible Comfort of 100% Organic Cotton Flannel Pillowcases at Boll & Branch! Beware, you May Never Leave Your Bed! Buy Now!",138901545,1/18/18,1,0,,
Food and Drink,Drizly,DRIZLYFIVE,1620447,1/18/18,1,0,,
Food and Drink,goop - DEACTIVATED,General 125x125,127236578,1/18/18,1,0,,
Babies and Kids,Hanna Andersson,Hanna Andersson's family pajamas become part of holiday celebrations year after year. Shop new & returning collections and make this year's memories more special than ever. Valid 9/26- until supplies last.,2867606,1/18/18,2,0,,
Luxury Advertisers,Kate Spade,shop kate spade gifts online + free shipping now!,138069917,1/18/18,12,0,,
Luxury Advertisers,Kate Spade,"kate spade handbags: shop totes, satchels, clutches & more online + free shipping now!",138069910,1/18/18,3,0,,
Luxury Advertisers,Kate Spade,Join Our Mailing List And Get 15% Off Your Next Order!,138069311,1/18/18,2,0,,
Department Stores,NORDSTROM.com,NL_080212,269040,1/18/18,3,0,,
Department Stores,Saks Fifth Avenue,"Free Shipping. Every Day, Every Order!",957981,1/18/18,3,0,,
Food and Drink,Sugarfina,Holiday Candy Sets at Sugarfina,1846591,1/18/18,3,0,,
Food and Drink,Sugarfina,"Shop the New Must-Have ""Green Juice"" Gummy Bears at Sugarfina and Get Free Ground Shipping on Orders $75+ with code SENDSWEETS!",127013436,1/18/18,1,0,,
Food and Drink,Sugarfina,Holiday season is here! Sugarfina is offering 2 free samples with any order! No promo code or coupon needed! (valid 11/7-12/31),138861338,1/18/18,1,0,,
Apparel,Urban Outfitters,Urban OUtfitters Deep Link,711916,1/18/18,1,0,,
Sporting & Outdoors Equipment,Backcountry.com,Backcountry Outlet,3360607,1/17/18,1,0,,
Department Stores,Bloomingdale's,"Shop All-Clad at Bloomingdales.com! Premium quality, expertly-crafted kitchenware that lasts a lifetime.",2132795,1/17/18,5,0,,
Food and Drink,goop - DEACTIVATED,General 125x125,127236578,1/17/18,2,0,,
Luxury Advertisers,Kate Spade,"kate spade handbags: shop totes, satchels, clutches & more online + free shipping now!",138069910,1/17/18,1,0,,
Luxury Advertisers,Kate Spade,shop kate spade gifts online + free shipping now!,138069917,1/17/18,5,0,,
Luxury Advertisers,Kate Spade,Join Our Mailing List And Get 15% Off Your Next Order!,138069311,1/17/18,3,0,,
Beauty and Grooming,Kiehl's,"Free shipping with any $50 purchase, plus select 3 free samples!",138816686,1/17/18,1,0,,
Department Stores,NORDSTROM.com,NL_080212,269040,1/17/18,1,0,,
Beauty and Grooming,"Sephora.com, Inc.","Beauty Deals! Limited Time Offers, Everyday Freebies & More at Sephora!",1068212,1/17/18,3,0,,
Food and Drink,Sugarfina,Holiday season is here! Sugarfina is offering 2 free samples with any order! No promo code or coupon needed! (valid 11/7-12/31),138861338,1/17/18,3,0,,
Home Goods,Sur La Table,Save 50% on the Staub Pure Grill Now Only $99.96 + Free Shipping at SurLaTable.com!,138144772,1/17/18,4,0,,
Travel Supplies,Tumi US,Free Shipping & Returns at TUMI.com,104986457,1/17/18,1,0,,
Sweden,Urbanears,<link> Plattan 2 THE PERFECT CLASSIC HEADPHONE </link> (320x50),3363479,1/17/18,1,0,,
Sporting & Outdoors Equipment,Backcountry.com,Backcountry Outlet,3360607,1/16/18,1,0,,
Beauty and Grooming,Birchbox,Get the new $10 BirchboxMan Monthly Subscription!,138144099,1/16/18,1,0,,
Department Stores,Bloomingdale's,"Shop All-Clad at Bloomingdales.com! Premium quality, expertly-crafted kitchenware that lasts a lifetime.",2132795,1/16/18,11,0,,
Home Goods,Boll & Branch,"Feel The Irresistible Comfort of 100% Organic Cotton Flannel Pillowcases at Boll & Branch! Beware, you May Never Leave Your Bed! Buy Now!",138901545,1/16/18,1,0,,
Food and Drink,Dean and DeLuca,Crostinis and Toasts Collection specially priced at 46.50 ($59.00 Value) at Dean & DeLuca. Shop Now!,23225932,1/16/18,1,0,,
Food and Drink,goop - DEACTIVATED,General 125x125,127236578,1/16/18,2,0,,
Babies and Kids,Hanna Andersson,Hanna Andersson's family pajamas become part of holiday celebrations year after year. Shop new & returning collections and make this year's memories more special than ever. Valid 9/26- until supplies last.,2867606,1/16/18,4,0,,
Apparel,John Varvatos,Deep Linking,2033864,1/16/18,2,0,,
Luxury Advertisers,Kate Spade,"kate spade handbags: shop totes, satchels, clutches & more online + free shipping now!",138069910,1/16/18,3,0,,
Luxury Advertisers,Kate Spade,shop kate spade gifts online + free shipping now!,138069917,1/16/18,25,0,,
Luxury Advertisers,Kate Spade,Join Our Mailing List And Get 15% Off Your Next Order!,138069311,1/16/18,10,0,,
Department Stores,Macys.com,Pick 3 Fragrance Samples with Fragrance Purchase at macys.com!,412762,1/16/18,1,0,,
Electronics Accessories,NOMAD Goods,Rugged Leather Case for iPhone X,138248534,1/16/18,1,0,,
Department Stores,NORDSTROM.com,NL_080212,269040,1/16/18,13,0,,
Beauty and Grooming,"Sephora.com, Inc.","Beauty Deals! Limited Time Offers, Everyday Freebies & More at Sephora!",1068212,1/16/18,7,0,,
Food and Drink,Sugarfina,Holiday season is here! Sugarfina is offering 2 free samples with any order! No promo code or coupon needed! (valid 11/7-12/31),138861338,1/16/18,17,0,,
Home Goods,Sur La Table,Save 50% on the Staub Pure Grill Now Only $99.96 + Free Shipping at SurLaTable.com!,138144772,1/16/18,15,0,,
Home Goods,Sur La Table,Save 50% on The Staub Pure Grill Now Only $99.96 Plus Free Shipping at SurLaTable.com!,138144118,1/16/18,1,0,,
Department Stores,Target.com,A New Day: Available Exclusively at Target!,138172097,1/16/18,4,0,,
Travel Supplies,Tumi US,Free Shipping & Returns at TUMI.com,104986457,1/16/18,2,0,,
Apparel,Urban Outfitters,Urban OUtfitters Deep Link,711916,1/16/18,1,0,,
Sweden,Urbanears,<link> Plattan 2 THE PERFECT CLASSIC HEADPHONE </link> (320x50),3363479,1/16/18,1,0,,
Food and Drink,goop - DEACTIVATED,General 125x125,127236578,1/15/18,2,0,,
Home Goods,Sur La Table,Save 50% on the Staub Pure Grill Now Only $99.96 + Free Shipping at SurLaTable.com!,138144772,1/15/18,2,0,,
Beauty and Grooming,Kiehl's,"Free shipping with any $50 purchase, plus select 3 free samples!",138816686,1/13/18,2,0,,
Food and Drink,Sugarfina,Shop Sugarfina - A Luxury Candy Boutique,1846598,1/13/18,1,0,,
Home Goods,Sur La Table,Save 50% on the Staub Pure Grill Now Only $99.96 + Free Shipping at SurLaTable.com!,138144772,1/13/18,1,0,,
Department Stores,Bloomingdale's,"Shop All-Clad at Bloomingdales.com! Premium quality, expertly-crafted kitchenware that lasts a lifetime.",2132795,1/12/18,2,0,,
Department Stores,Bloomingdale's,"Shop All-Clad at Bloomingdales.com! Premium quality, expertly-crafted kitchenware that lasts a lifetime.",2132795,1/11/18,3,0,,
Food and Drink,Dean and DeLuca,Crostinis and Toasts Collection specially priced at 46.50 ($59.00 Value) at Dean & DeLuca. Shop Now!,23225932,1/11/18,1,0,,
Luxury Advertisers,Kate Spade,shop kate spade gifts online + free shipping now!,138069917,1/11/18,6,0,,
Luxury Advertisers,Kate Spade,Join Our Mailing List And Get 15% Off Your Next Order!,138069311,1/11/18,4,0,,
Department Stores,NORDSTROM.com,NL_080212,269040,1/11/18,1,0,,
Beauty and Grooming,"Sephora.com, Inc.","Beauty Deals! Limited Time Offers, Everyday Freebies & More at Sephora!",1068212,1/11/18,1,0,,
Food and Drink,Sugarfina,Holiday season is here! Sugarfina is offering 2 free samples with any order! No promo code or coupon needed! (valid 11/7-12/31),138861338,1/11/18,4,0,,
Home Goods,Sur La Table,Save 50% on the Staub Pure Grill Now Only $99.96 + Free Shipping at SurLaTable.com!,138144772,1/11/18,9,0,,
Department Stores,Target.com,A New Day: Available Exclusively at Target!,138172097,1/11/18,4,0,,
Travel Supplies,Tumi US,Free Shipping & Returns at TUMI.com,104986457,1/11/18,1,0,,
Department Stores,Bloomingdale's,"Shop All-Clad at Bloomingdales.com! Premium quality, expertly-crafted kitchenware that lasts a lifetime.",2132795,1/10/18,5,0,,
Food and Drink,goop - DEACTIVATED,General 125x125,127236578,1/10/18,2,0,,
Luxury Advertisers,Kate Spade,Join Our Mailing List And Get 15% Off Your Next Order!,138069311,1/10/18,4,0,,
Luxury Advertisers,Kate Spade,"kate spade handbags: shop totes, satchels, clutches & more online + free shipping now!",138069910,1/10/18,5,0,,
Luxury Advertisers,Kate Spade,shop kate spade gifts online + free shipping now!,138069917,1/10/18,1,0,,
Beauty and Grooming,Kiehl's,"Free shipping with any $50 purchase, plus select 3 free samples!",138816686,1/10/18,4,0,,
Department Stores,NORDSTROM.com,NL_080212,269040,1/10/18,2,0,,
Beauty and Grooming,"Sephora.com, Inc.","Beauty Deals! Limited Time Offers, Everyday Freebies & More at Sephora!",1068212,1/10/18,2,0,,
Food and Drink,Sugarfina,Holiday season is here! Sugarfina is offering 2 free samples with any order! No promo code or coupon needed! (valid 11/7-12/31),138861338,1/10/18,2,0,,
Home Goods,Sur La Table,Save 50% on the Staub Pure Grill Now Only $99.96 + Free Shipping at SurLaTable.com!,138144772,1/10/18,3,0,,
Department Stores,Target.com,A New Day: Available Exclusively at Target!,138172097,1/10/18,2,0,,
Food and Drink,Sugarfina,Holiday season is here! Sugarfina is offering 2 free samples with any order! No promo code or coupon needed! (valid 11/7-12/31),138861338,1/8/18,1,0,,
Food and Drink,goop - DEACTIVATED,General 125x125,127236578,1/6/18,8,0,,
Food and Drink,Sugarfina,Holiday season is here! Sugarfina is offering 2 free samples with any order! No promo code or coupon needed! (valid 11/7-12/31),138861338,1/6/18,1,0,,
Department Stores,Target.com,A New Day: Available Exclusively at Target!,138172097,1/5/18,1,0,,
Department Stores,Target.com,A New Day: Available Exclusively at Target!,138172097,1/4/18,1,0,,
Home Goods,Sur La Table,Save 50% on the Staub Pure Grill Now Only $99.96 + Free Shipping at SurLaTable.com!,138144772,1/3/18,1,0,,
Department Stores,Saks Fifth Avenue,THE DESIGNER SALE! Vast designer selections for women and men up to 40% OFF* Shop NOW!,2155206,12/19/16,1,0,,
Department Stores,Bloomingdale's,Receive a Roll-Up Travel Bag and choose eight amazing samples with your purchase of $100 or more in Men‚Äôs fragrances at Bloomingdales.com!,2203347,12/3/16,2,0,,
Food and Drink,Sugarfina,Shop The Original Champagne Gummy Bears at Sugarfina!,1890190,11/14/16,1,0,,
Department Stores,Saks Fifth Avenue,THE DESIGNER SALE! Vast designer selections for women and men up to 40% OFF* Shop NOW!,2155206,11/7/16,1,0,,
Department Stores,Bloomingdale's,Receive a Roll-Up Travel Bag and choose eight amazing samples with your purchase of $100 or more in Men‚Äôs fragrances at Bloomingdales.com!,2203347,10/27/16,1,0,,
Department Stores,Saks Fifth Avenue,THE DESIGNER SALE! Vast designer selections for women and men up to 40% OFF* Shop NOW!,2155206,9/29/16,1,0,,
Department Stores,Saks Fifth Avenue,THE DESIGNER SALE! Vast designer selections for women and men up to 40% OFF* Shop NOW!,2155206,8/26/16,1,0,,
Department Stores,Saks Fifth Avenue,THE DESIGNER SALE! Vast designer selections for women and men up to 40% OFF* Shop NOW!,2155206,7/22/16,1,0,,
Department Stores,Bloomingdale's,"Your chance to win a trip to Florence with Vietri (valued at $10,000)! Open a qualifying registry at Bloomingdales.com by June 30 for a chance to win a 5-day stay in Florence, Italy. Plus, qualifying registries receive a set of 4 hostess plates.",2184540,7/18/16,1,0,,
Electronics Accessories,Leefco.com,Deep Linking,1809380,7/1/16,1,0,,
Department Stores,Saks Fifth Avenue,THE DESIGNER SALE! Vast designer selections for women and men up to 40% OFF* Shop NOW!,2155206,6/29/16,2,0,,
Department Stores,Saks Fifth Avenue,THE DESIGNER SALE! Vast designer selections for women and men up to 40% OFF* Shop NOW!,2155206,6/28/16,1,0,,
Department Stores,Saks Fifth Avenue,THE DESIGNER SALE! Vast designer selections for women and men up to 40% OFF* Shop NOW!,2155206,6/27/16,2,0,,
Department Stores,Saks Fifth Avenue,THE DESIGNER SALE! Vast designer selections for women and men up to 40% OFF* Shop NOW!,2155206,6/26/16,1,0,,
Department Stores,Bloomingdale's,"Take 20% off when you spend $200-299.99, 25% off when you spend $300-499.99 OR 30% off when you spend $500+ on select items at Bloomingdales.com! Offer valid June 1-2.",2173389,6/24/16,2,0,,
Department Stores,Saks Fifth Avenue,THE DESIGNER SALE! Vast designer selections for women and men up to 40% OFF* Shop NOW!,2155206,6/24/16,1,0,,
Department Stores,Bloomingdale's,Receive a Roll-Up Travel Bag and choose eight amazing samples with your purchase of $100 or more in Men‚Äôs fragrances at Bloomingdales.com!,2203347,6/21/16,1,0,,
Department Stores,Bloomingdale's,"Your chance to win a trip to Florence with Vietri (valued at $10,000)! Open a qualifying registry at Bloomingdales.com by June 30 for a chance to win a 5-day stay in Florence, Italy. Plus, qualifying registries receive a set of 4 hostess plates.",2184540,6/21/16,1,0,,
Department Stores,Saks Fifth Avenue,THE DESIGNER SALE! Vast designer selections for women and men up to 40% OFF* Shop NOW!,2155206,6/21/16,1,0,,
Department Stores,Saks Fifth Avenue,Swim Sale: Up to 30% off a spectacular selection of women‚Äôs swimwear. SHOP NOW! Valid 5/9,2119020,6/21/16,1,0,,
Beauty and Grooming,"Sephora.com, Inc.",Choose 2 of 3 deluxe samples from our Summer Getaway Promo with any $25 purchase. Use code: HOTVIB,2176773,6/21/16,1,0,,
Food and Drink,Sugarfina,Say it with Sweets! Shop Wedding & Bridal Party Gifts at Sugarfina,2144129,6/20/16,1,0,,
Department Stores,Bloomingdale's,"Take 20% off when you spend $200-299.99, 25% off when you spend $300-499.99 OR 30% off when you spend $500+ on select items at Bloomingdales.com! Offer valid June 1-2.",2173389,6/17/16,2,0,,
Department Stores,Bloomingdale's,Father‚Äôs Day Sale! Save up to 70% on a great selection of men‚Äôs styles at Bloomingdales.com. Offer valid June 14-19.,2232152,6/17/16,0,1,,
Department Stores,Bloomingdale's,"Your chance to win a trip to Florence with Vietri (valued at $10,000)! Open a qualifying registry at Bloomingdales.com by June 30 for a chance to win a 5-day stay in Florence, Italy. Plus, qualifying registries receive a set of 4 hostess plates.",2184540,6/17/16,2,0,,
Department Stores,Saks Fifth Avenue,THE DESIGNER SALE! Vast designer selections for women and men up to 40% OFF* Shop NOW!,2155206,6/17/16,5,0,,
Department Stores,Bloomingdale's,Father‚Äôs Day Sale! Save up to 70% on a great selection of men‚Äôs styles at Bloomingdales.com. Offer valid June 14-19.,2232152,6/16/16,0,0,,
Department Stores,Bloomingdale's,"Your chance to win a trip to Florence with Vietri (valued at $10,000)! Open a qualifying registry at Bloomingdales.com by June 30 for a chance to win a 5-day stay in Florence, Italy. Plus, qualifying registries receive a set of 4 hostess plates.",2184540,6/15/16,3,0,,
Department Stores,Bloomingdale's,Father‚Äôs Day Sale! Save up to 70% on a great selection of men‚Äôs styles at Bloomingdales.com. Offer valid June 14-19.,2232152,6/15/16,9,0,,
Department Stores,Saks Fifth Avenue,THE DESIGNER SALE! Vast designer selections for women and men up to 40% OFF* Shop NOW!,2155206,6/15/16,3,0,,
Department Stores,Saks Fifth Avenue,Swim Sale: Up to 30% off a spectacular selection of women‚Äôs swimwear. SHOP NOW! Valid 5/9,2119020,6/14/16,3,0,,
Department Stores,Saks Fifth Avenue,New Arrival of the Week: Joie Cecilia Suede Crisscross Wedge Sandals,2218763,6/14/16,9,0,,
Department Stores,Bloomingdale's,Receive a Roll-Up Travel Bag and choose eight amazing samples with your purchase of $100 or more in Men‚Äôs fragrances at Bloomingdales.com!,2203347,6/13/16,3,0,,
Food and Drink,Sugarfina,Say it with Sweets! Shop Wedding & Bridal Party Gifts at Sugarfina,2144129,6/13/16,9,0,,
Department Stores,Bloomingdale's,Receive a Roll-Up Travel Bag and choose eight amazing samples with your purchase of $100 or more in Men‚Äôs fragrances at Bloomingdales.com!,2203347,6/12/16,3,0,,
Department Stores,Bloomingdale's,Receive a Roll-Up Travel Bag and choose eight amazing samples with your purchase of $100 or more in Men‚Äôs fragrances at Bloomingdales.com!,2203347,6/11/16,6,0,,
Department Stores,Saks Fifth Avenue,THE DESIGNER SALE! Vast designer selections for women and men up to 40% OFF* Shop NOW!,2155206,6/11/16,12,0,,
Department Stores,Bloomingdale's,Receive a Roll-Up Travel Bag and choose eight amazing samples with your purchase of $100 or more in Men‚Äôs fragrances at Bloomingdales.com!,2203347,6/10/16,3,0,,
Department Stores,Saks Fifth Avenue,New Arrival of the Week: Joie Cecilia Suede Crisscross Wedge Sandals,2218763,6/8/16,12,0,,
Department Stores,Lord & Taylor,LT vets day_250x250,2177029,6/7/16,3,0,,
Electronics Accessories,Leefco.com,Deep Linking,1809380,6/6/16,12,0,,
Department Stores,NORDSTROM.com,Save up to 40%: Designer Clearance is happening now at Nordstrom. FREE Shipping. FREE Returns.,2170998,6/6/16,3,0,,
Department Stores,Bloomingdale's,"Take 20% off when you spend $200-299.99, 25% off when you spend $300-499.99 OR 30% off when you spend $500+ on select items at Bloomingdales.com! Offer valid June 1-2.",2173389,6/5/16,3,0,,
Department Stores,Bloomingdale's,Receive a Roll-Up Travel Bag and choose eight amazing samples with your purchase of $100 or more in Men‚Äôs fragrances at Bloomingdales.com!,2203347,6/5/16,162,0,,
Electronics Accessories,Leefco.com,Deep Linking,1809380,6/5/16,6,0,,
Department Stores,Saks Fifth Avenue,Swim Sale: Up to 30% off a spectacular selection of women‚Äôs swimwear. SHOP NOW! Valid 5/9,2119020,6/5/16,18,0,,
Department Stores,Saks Fifth Avenue,THE DESIGNER SALE! Vast designer selections for women and men up to 40% OFF* Shop NOW!,2155206,6/5/16,21,0,,
Department Stores,Bloomingdale's,"Your chance to win a trip to Florence with Vietri (valued at $10,000)! Open a qualifying registry at Bloomingdales.com by June 30 for a chance to win a 5-day stay in Florence, Italy. Plus, qualifying registries receive a set of 4 hostess plates.",2184540,6/2/16,12,0,,
Department Stores,Saks Fifth Avenue,THE DESIGNER SALE! Vast designer selections for women and men up to 40% OFF* Shop NOW!,2155206,6/2/16,18,0,,
Department Stores,Bloomingdale's,"Take 20% off when you spend $200-299.99, 25% off when you spend $300-499.99 OR 30% off when you spend $500+ on select items at Bloomingdales.com! Offer valid June 1-2.",2173389,6/1/16,39,0,,
Department Stores,Saks Fifth Avenue,THE DESIGNER SALE! Vast designer selections for women and men up to 40% OFF* Shop NOW!,2155206,6/1/16,6,0,,
Electronics Accessories,Leefco.com,Deep Linking,1809380,5/31/16,6,0,,
Department Stores,NORDSTROM.com,"Make a splash this season in the latest trends, starting at $34 at Nordstrom. FREE Shipping. FREE Returns.",2180439,5/31/16,6,0,,
Beauty and Grooming,"Sephora.com, Inc.",Choose 2 of 3 deluxe samples from our Summer Getaway Promo with any $25 purchase. Use code: HOTVIB,2176773,5/31/16,6,0,,
Department Stores,Saks Fifth Avenue,THE DESIGNER SALE! Vast designer selections for women and men up to 40% OFF* Shop NOW!,2155206,5/30/16,3,0,,
Department Stores,Bloomingdale's,"Take 20% off when you spend $200-299.99, 25% off when you spend $300-499.99 OR 30% off when you spend $500+ on select items at Bloomingdales.com! Offer valid June 1-2.",2173389,5/29/16,9,0,,
Department Stores,Lord & Taylor,LT vets day_250x250,2177029,5/29/16,3,0,,
Department Stores,NORDSTROM.com,Save up to 40%: Designer Clearance is happening now at Nordstrom. FREE Shipping. FREE Returns.,2170998,5/29/16,15,0,,
Department Stores,Saks Fifth Avenue,THE DESIGNER SALE! Vast designer selections for women and men up to 40% OFF* Shop NOW!,2155206,5/29/16,15,0,,
Food and Drink,Sugarfina,Shop the Sweetest Hostess Gifts at Sugarfina!,2144128,5/29/16,24,0,,
Department Stores,Bloomingdale's,"Take 20% off when you spend $200-299.99, 25% off when you spend $300-499.99 OR 30% off when you spend $500+ on select items at Bloomingdales.com! Offer valid June 1-2.",2173389,5/27/16,12,0,,
Department Stores,Saks Fifth Avenue,THE DESIGNER SALE! Vast designer selections for women and men up to 40% OFF* Shop NOW!,2155206,5/27/16,12,0,,
Apparel,John Varvatos,Deep Linking,2033864,5/18/16,3,0,,
Department Stores,NORDSTROM.com,Shop Nordstrom and find the best in Kids' Shoes for some fun in the sun. FREE Shipping. FREE Returns.,2134094,5/18/16,3,0,,
Food and Drink,Sugarfina,Say it with Sweets! Shop Wedding & Bridal Party Gifts at Sugarfina,2144129,5/18/16,3,0,,
Department Stores,Bloomingdale's,Beyond Perfecting Foundation + Concealer - only $27!,2122625,5/17/16,6,0,,
Department Stores,Bloomingdale's,"Shop Bloomingdales.com! Discover top brands and designer clothing, shoes, handbags, home furnishings & more.",2126202,5/17/16,3,0,,
Food and Drink,Dean and DeLuca,Thanksgiving_160x600,2143881,5/17/16,3,0,,
Apparel,John Varvatos,Shop John Varvatos Footwear,918475,5/17/16,3,0,,
Apparel,John Varvatos,Find the perfect gift for his rock n roll spirit! Shop Gifts at John Varvatos!,2033868,5/17/16,3,0,,
Apparel,John Varvatos,Deep Linking,2033864,5/17/16,27,0,,
Apparel,John Varvatos,"Shop Accessories at John Varvatos! Get beanies, scarfs, belts & more. Click here!",2033871,5/17/16,3,0,,
Apparel,John Varvatos,"The Star USA Collection Features Edgy, Sleek & Innovated Iconic Styles For The Rebellious Man. Long Live Rock.",2072497,5/17/16,3,0,,
Apparel,John Varvatos,Shop men's leather jackets at John Varvatos today!,2072496,5/17/16,3,0,,
Apparel,John Varvatos,The new essential denim jacket has arrived - shop the top selling Denim Zip Jacket at John Varvatos. Click here!,2144026,5/17/16,3,0,,
Department Stores,NORDSTROM.com,Get cool-girl style staples‚Äîfrom distressed denim to casual dresses‚Äîat budget-friendly prices. Shop Nordstrom now. FREE Shipping. FREE Returns.,2126011,5/17/16,6,0,,
Department Stores,NORDSTROM.com,Shop Nordstrom and find the best in Kids' Shoes for some fun in the sun. FREE Shipping. FREE Returns.,2134094,5/17/16,12,0,,
Food and Drink,Sugarfina,Holiday Candy Sets at Sugarfina,1846591,5/17/16,3,0,,
Food and Drink,Sugarfina,Gummy and Jelly Treats at Sugarfina,1846593,5/17/16,3,0,,
Food and Drink,Sugarfina,Wow Your Guests with Custom Sugarfina Favors and Gifts!,1846587,5/17/16,3,0,,
Food and Drink,Sugarfina,"Created Just for you, From Sugarfina",1846588,5/17/16,6,0,,
Food and Drink,Sugarfina,Shop our Sweet Gift Shop at Sugarfina,1846589,5/17/16,3,0,,
Food and Drink,Sugarfina,Make Every Day Extra Sweet with Sugarfina's Best-Selling Treats,1846596,5/17/16,3,0,,
Food and Drink,Sugarfina,Shop The Original Champagne Gummy Bears at Sugarfina!,1890190,5/17/16,3,0,,
Food and Drink,Sugarfina,Say it with Sweets! Shop Wedding & Bridal Party Gifts at Sugarfina,2144129,5/17/16,9,0,,
Food and Drink,Sugarfina,Make Every Day Extra Sweet with Sugarfina's Best-Selling Treats,1846596,5/16/16,0,1,,
Food and Drink,Sugarfina,Shop our Sweet Gift Shop at Sugarfina,1846589,5/15/16,3,0,,
Food and Drink,Sugarfina,Make Every Day Extra Sweet with Sugarfina's Best-Selling Treats,1846596,5/15/16,9,0,,
Food and Drink,Sugarfina,Shop The Original Champagne Gummy Bears at Sugarfina!,1890190,5/15/16,3,0,,
Fashion,Warby Parker,n/a,Bonus - 508346291,12/17/17 19:26,n/a,1,,
Fashion,Warby Parker,n/a,Sale - 508346291,12/17/17 19:26,n/a,1,,
Home Goods,Artifact Uprising,n/a,Sale - 5000256073,12/8/17 15:45,n/a,1,,
Home Goods,Minted,n/a,Sale - 432994090,12/5/17 21:34,n/a,1,,
Pets,Whistle,n/a,Sale - 37423967548,12/4/17 14:59,n/a,1,,
Home Goods,Artifact Uprising,n/a,Sale - 5000239677,11/29/17 6:35,n/a,1,,
Home Goods,Artifact Uprising,n/a,Sale - 5000221137,11/16/17 21:41,n/a,1,,
Home Goods,Artifact Uprising,n/a,Sale - 5000206317,10/18/17 21:00,n/a,1,,
Home Goods,Artifact Uprising,n/a,Sale - 5000183876,9/19/17 19:32,n/a,1,,
Home Goods,Artifact Uprising,n/a,Sale - 5000174257,8/27/17 19:00,n/a,1,,
Home Goods,Artifact Uprising,n/a,Sale - 5000170856,8/19/17 12:56,n/a,1,,
Home Goods,Artifact Uprising,n/a,Sale - 5000167012,8/9/17 20:25,n/a,1,,
Home Goods,Artifact Uprising,n/a,Sale - 5000109487,4/5/17 20:47,n/a,1,,
Home Goods,Minted,n/a,Sale - 171923019,5/7/18 9:23,n/a,1,,
Home Goods,Artifact Uprising,n/a,Sale - 5000310209,2/10/18 21:11,n/a,1,,
Home Goods,Artifact Uprising,n/a,Sale - 5000304534,1/29/18 12:28,n/a,1,,
Home Goods,Artifact Uprising,n/a,Sale - 5000302791,1/24/18 18:16,n/a,1,,
Home Goods,Artifact Uprising,n/a,Sale - 5000300106,1/17/18 12:39,n/a,1,,